2867 4650
740 245 791 312 2,

235 411 305 474 tatis
323 411 449 484 spseiam
470 429 537 484 prae
557 430 586 466 se
607 413 672 481 fert,
688 414 763 484 quod
781 415 878 473 noun
894 426 942 484 pt.
958 415 1002 470 35.
1026 413 1185 484 semiustas
1201 418 1259 480 est,

236 479 384 550 gitaudum
401 479 447 533 hie
468 497 529 533 esse
550 483 584 534 de
603 483 723 536 nucibus
746 483 802 535 illis
826 485 856 536 in
874 484 1014 538 maanus
1036 479 1153 537 Casilirri
1175 499 1251 555 oppn

1291 498 1324 534 a·

236 552 313 602 ttone
332 567 349 604 a
366 549 427 602 Liv,
439 547 551 612 XXIII,
569 551 611 603 19.
632 552 870 618 commemoratis,
890 568 1051 622 quanquam
1070 553 1167 608 inuno
1182 549 1254 610 roua
1275 548 1323 603 ulo

203 666 206 675 ,
236 617 298 688 quis
317 618 385 672 certi
403 620 556 699 quidquam
573 617 811 699 nihi-mareausus
830 620 886 672 sit?
1111 685 1118 699 ι
1192 683 1199 698 .
1239 684 1247 697 ι
1292 685 1300 697 .

287 684 343 771 36)
387 685 439 750 Dii
470 685 679 768 prodromo
701 687 766 752 diei
794 690 889 753 Iuoan
912 688 1032 753 Paulus
1068 697 1153 754 'ennn
1178 681 1325 750 horrore

202 772 368 853 somanue
389 791 485 854 pares
508 773 561 837 ubi
582 773 692 838 iecerit
712 773 807 840 horas
828 779 965 839 e..nte
986 773 1025 838 lis
1047 770 1155 856 arguit
1180 776 1214 833 ut
1233 768 1325 850 sis‘p

202 857 373 939 legendum
397 875 467 921 esse
489 857 597 922 definit
617 858 713 941 idque
735 859 768 923 in
790 859 879 926 Coeli
902 859 1033 925 historia
1052 857 1132 924 libro
1154 857 1171 920 1
1194 904 1324 924 .....

201 961 255 1007 ere
277 941 500 1027 reprehendes.
546 944 667 1013 Charis.
689 946 718 1030 Ι,
741 965 795 1028 pg.
820 946 879 1009 101
903 945 939 1010 Ρ.

267 1028 469 1097 Fragmentum
488 1030 541 1082 hoe
560 1031 691 1082 omuibus
709 1031 799 1084 modis
819 1037 983 1098 eor-ruptum
1005 1029 1183 1083 nuncetiam
1206 1023 1322 1078 restitui

232 1113 318 1166 posse
335 1114 450 1166 prorsus
469 1097 602 1166 despero,
628 1112 760 1167 reeteque
779 1100 901 1152 Keilium
923 1099 1016 1168 egisse
1031 1105 1114 1168 puto,
1142 1095 1191 1164 qui
1209 1093 1323 1147 omissis

234 1165 402 1216 coniecturis
422 1183 525 1216 ineram
545 1167 604 1218 eod.
624 1165 757 1218 Bobiens.
776 1169 944 1235 scripturam
963 1165 1149 1235 proposuerit.
1186 1163 1324 1216 Attamen

230 1232 284 1284 hoo
303 1244 379 1285 certe
399 1250 433 1284 ex
452 1234 543 1286 verbis
564 1236 690 1304 quamvis
704 1237 843 1305 corruptis
854 1235 1045 1303 colligendum
1057 1235 1173 1300 videtur,
1191 1227 1321 1284 Coelium

230 1301 319 1422 girans
340 1301 512 1422 „ilii‘Q‘Opsum
533 1320 603 1370 esse,
621 1303 655 1356 ds
674 1321 732 1374 qua
750 1306 786 1357 of.
805 1305 889 1356 etiam
908 1304 983 1358 Geli.
1005 1302 1057 1367 IX,
1076 1303 1115 1356 14.
1133 1330 1164 1339 -
1183 1296 1321 1366 ehverg.

263 1385 338 1435 eoru.
372 1409 378 1430 ,
449 1409 454 1422 .

282 1439 335 1514 37)
359 1438 501 1504 Subinde
523 1440 632 1521 Nepos
650 1439 690 1504 de
715 1440 897 1505 inlustribus
919 1438 994 1505 riris
1009 1439 1049 1503 Il
1073 1438 1182 1504 sedet
1205 1437 1323 1500 Brutus

198 1529 231 1587 et
252 1523 379 1589 Coelius
401 1525 582 1607 frequenter
603 1544 640 1588 eo
663 1526 713 1590 usi
736 1530 819 1593 sunt.
864 1523 983 1591 Charis.
1005 1525 1046 1609 11,
1068 1544 1124 1608 pg.
1147 1521 1208 1586 195
1229 1522 1265 1586 P.

264 1607 382 1661 Temere
401 1610 429 1660 iu
451 1609 491 1660 his
510 1611 600 1662 verbis
624 1627 658 1662 ae
676 1613 763 1679 plane
781 1612 880 1662 iniuria
902 1611 1051 1664 lirausius:
1077 1610 1256 1680 „quaeritur,
1280 1607 1322 1658 in-

229 1679 299 1745 quit,
317 1695 383 1728 num
401 1679 437 1728 sit
456 1681 586 1744 orator‘·,
605 1678 664 1730 scil.
685 1679 722 1731 M.
740 1680 851 1732 Coelius
873 1681 979 1747 Rufus,
997 1694 1061 1730 nam
1081 1679 1113 1730 Ii.
1132 1675 1220 1730 Coelii
1240 1676 1322 1728 Anti-

227 1746 302 1813 patri
327 1745 514 1813 fragmentum
541 1761 603 1798 esse
627 1755 744 1815 propter
771 1749 898 1799 additum
918 1748 998 1799 Bruti
1021 1762 1122 1799 nomen
1145 1773 1177 1784 —
1207 1745 1242 1796 de
1265 1759 1323 1813 quo

233 1815 317 1866 etiam
335 1815 410 1866 Intra
427 1815 507 1865 nohis
527 1814 675 1867 direntium
691 1817 746 1868 erit
772 1845 796 1852 —
819 1823 932 1883 praeter
951 1825 1044 1868 cetera
1063 1823 1171 1868 certum
1190 1819 1242 1866 est.

281 1899 333 1976 38)
372 1899 566 1980 Delinquere
600 1918 659 1984 pro
692 1899 827 1965 deficere
857 1899 984 1966 Coelius
1015 1897 1232 1965 historiarum:
1265 1897 1321 1962 de·

197 1983 349 2136 lpnqueppl
377 1987 586 2134 Ippprentum,
626 1985 813 2051 Sardiniam
848 1985 956 2053 hostes
984 1993 1099 2052 tenere.
1148 1983 1239 2050 Serv.
1277 1981 1323 2048 ad

231 2088 278 2133 en.
349 2119 356 2153 ,
446 2119 453 2134 .

261 2153 405 2223 Linquens
436 2157 527 2221 eninr,
553 2156 621 2208 dicit
646 2155 776 2219 Servius,
807 2155 888 2210 multi
916 2173 966 2225 pro
990 2155 1170 2225 dereliquens
1193 2155 1320 2229 Aeuom,

226 2223 274 2274 alii
293 2240 344 2291 pro
363 2221 494 2278 definiens
512 2225 602 2294 accipi
620 2225 735 2289 volunt,
760 2241 836 2276 more
852 2225 987 2292 antiquo,
1011 2226 1128 2293 eiusque
1146 2238 1212 2276 usus
1228 2228 1312 2288 etiam

226 2307 241 2343 e
261 2289 353 2346 GelIIo
372 2301 401 2346 et
416 2293 566 2347 'I'uherone
587 2292 714 2359 exempla
735 2290 853 2345 addidit.
874 2292 910 2347 ef.
926 2293 1004 2361 culp.
1027 2291 1094 2345 Piso
1114 2309 1159 2361 ap.
1178 2289 1264 2349 Prisc.
1275 2286 1315 2355 X,

225 2359 255 2427 3,
279 2362 317 2413 ts
349 2391 374 2400 -
408 2360 478 2415 Post
503 2362 682 2413 historiarum
706 2362 877 2415 vocabulum
900 2363 959 2415 sine
984 2362 1071 2415 dubio
1097 2360 1162 2414 libri
1185 2369 1316 2411 numerus

139 2470 148 2479 .
224 2430 341 2498 excidit3
367 2446 463 2498 quern,
483 2447 560 2499 eum,
581 2446 654 2500 quaa
672 2428 818 2482 lenissima
836 2430 873 2483 sit
890 2430 1008 2483 mutatio
1026 2469 1043 2497 „
1051 2430 1189 2483 historiar.
1210 2423 1314 2491 VIII.“,

226 2512 287 2549 eam
308 2514 359 2550 nos
378 2500 523 2551 instituere
542 2516 597 2551 non
620 2514 704 2566 posse
727 2507 872 2565 appareat.
890 2498 964 2551 unde
979 2508 1127 2551 restituam
1146 2514 1202 2549 non
1215 2495 1314 2549 habeo,

226 2562 368 2617 iudicium
387 2575 482 2617 autem
502 2582 585 2635 quarn
604 2565 721 2619 dil'fioile
740 2583 769 2617 in
786 2570 887 2635 paucis
906 2566 1043 2619 eiusmodi
1063 2567 1158 2619 verbis
1175 2564 1221 2631 sit,
1242 2564 1314 2616 bene

224 2644 256 2685 ut
275 2634 338 2686 aliis
359 2636 398 2685 sle
418 2634 469 2686 hoe
487 2652 598 2706 quoque
620 2635 681 2688 Iooo
700 2650 734 2687 eo
755 2634 935 2700 declaratur,
953 2636 1029 2704 quod
1047 2634 1144 2688 Nauta
1162 2650 1197 2685 ea
1216 2630 1317 2683 Karta-

223 2702 359 2768 giniensis
377 2703 534 2770 cuiusdam,
552 2713 650 2757 eontra
667 2700 766 2755 Groen
786 2720 810 2755 v.
822 2704 871 2756 Pr.
884 2702 1005 2755 Romani
1022 2720 1084 2757 esse
1107 2700 1225 2766 sensuit,
1243 2709 1317 2753 uter·

223 2786 279 2838 que
297 2773 469 2837 argumentIs
486 2782 515 2825 et
533 2771 601 2825 locis
621 2768 766 2823 nonnullis
784 2772 872 2824 nisus.
911 2770 1079 2841 Quanquam
1106 2770 1177 2823 haee
1198 2767 1315 2821 Groeuii

222 2840 364 2891 sententis
383 2838 449 2891 mihi
467 2848 541 2892 certe
560 2840 596 2893 ad
618 2840 767 2893 veritatem
787 2840 904 2909 propius
925 2842 1060 2896 accedere
1078 2839 1196 2893 videtur.

277 2925 330 3002 39)
359 2924 505 2995 Coelius:
526 2925 681 2991 Maurusii
703 2923 758 3005 qui
777 2923 873 2991 iuxta
890 2924 1054 2992 Oceanum
1075 2924 1193 2994 eolunt
1225 2922 1314 2988 Serv.

189 3006 234 3073 ad
254 3012 333 3073 Aen.
351 3008 406 3091 IV,
430 3010 502 3075 206.

256 3094 361 3148 Colunt
381 3124 405 3135 -
431 3096 492 3149 eod.
511 3095 614 3161 colant,
631 3094 733 3149 iniuria
749 3095 863 3165 quidem
879 3124 911 3139 -
941 3095 996 3148 ie.
1014 3092 1154 3147 habitant.
1172 3093 1311 3161 111131.

219 3162 281 3216 Lir.
304 3161 391 3225 XXI,
415 3165 455 3217 26.
488 3163 562 3217 GeII.
586 3162 636 3228 IX,
659 3166 685 3216 4.
713 3194 744 3203 -—
773 3164 882 3218 Eadem
913 3162 971 3216 fere
998 3162 1084 3217 verba
1107 3162 1241 3230 leguntur
1265 3178 1314 3229 ap.

218 3228 280 3286 Liv.
304 3230 416 3299 XXIV,
438 3233 486 3285 49:
517 3230 633 3300 Syphax
658 3247 722 3284 eum
746 3234 844 3301 pausis
875 3232 1019 3302 equitibus
1044 3232 1074 3283 in
1096 3231 1255 3284 Maurusios
1278 3246 1314 3283 ex

217 3300 277 3353 anie
296 3298 433 3353 Numidas
451 3301 580 3367 (extremi
598 3316 687 3368 propo
706 3301 850 3353 Ooeauum
873 3311 1011 3354 adversus
1030 3296 1127 3351 Gades
1143 3298 1254 3364 solunt)
1270 3314 1313 3350 re·

216 3366 291 3435 fugit
308 3376 380 3448 ete,
408 3370 504 3437 itaque
522 3369 595 3433 iure,
617 3373 735 3446 opnor,
758 3369 828 3422 haee
855 3368 948 3423 verba
970 3366 1069 3421 eodem
1088 3366 1152 3419 Ioco
1176 3367 1206 3419 io
1222 3365 1314 3447 Goalii

217 3436 1313 3623 11ξξ11111111111111101111.1111111111111

215 3588 261 3625 cu
283 3588 345 3622 rur.

267 3637 325 3723 40)
360 3639 489 3706 Coelius
512 3639 595 3704 enim
619 3640 659 3704 de
678 3640 824 3705 Cumano
842 3618 1000 3725 Apolline
1020 3638 1080 3705 ait:
1103 3640 1163 3703 list
1183 3639 1216 3701 in
1236 3636 1312 3702 Iano

158 3726 309 3877 sidgnpm
323 3726 482 3877 Applhgris
503 3724 651 3813 ligneum,
676 3728 777 3791 altum
798 3748 862 3793 non
882 3726 987 3791 ininus
1016 3725 1115 3809 pedes
1129 3724 1199 3791 XV.
1222 3725 1312 3789 Serv.

179 3832 199 3876 a
273 3832 323 3877 en.
390 3863 398 3897 ,
444 3865 450 3877 .
1317 3833 1320 3837 ·

247 3895 313 3952 Coo.
333 3914 479 3967 perperam
498 3897 634 3964 „Iineum“
653 3904 682 3949 et
704 3897 821 3962 „altus“.
848 3926 876 3935 --
904 3894 1008 3949 Cumas
1025 3914 1051 3949 a.
1079 3893 1139 3947 1139.
1164 3892 1312 3947 HannIbal

212 3967 318 4019 frustra
336 3966 524 4047 oppugnavit,
551 3964 611 4018 niv,
628 3964 745 4044 XXIII,
765 3965 882 4034 35-373
923 3964 1008 4043 facile
1025 3964 1121 4034 igitur
1138 3968 1189 4015 aut
1208 3963 1237 4015 in
1258 3961 1313 4040 hae

192 4033 658 4169 ,{ggugffiffiffimffirffl:istum
671 4036 730 4088 aha
748 4034 871 4103 quadam
896 4048 1057 4087 oeoasione
1075 4030 1172 4084 oblata
1197 4029 1313 4085 coelius
