2867 4650
650 239 694 304 dt

115 405 213 474 Cincii
233 407 366 473 annales
389 407 466 487 quin
486 405 529 471 ad
550 424 630 491 opus
652 422 745 473 suum
767 407 1021 490 componendum
1042 408 1229 497 adhibuerit,

114 499 169 558 aut
191 500 276 558 certe
298 493 421 559 noverit
444 493 487 558 ad
509 512 627 573 eosque
649 495 834 577 respexerit,
858 494 987 561 dubium
1010 515 1155 562 essenon
1171 517 1229 582 po-

116 583 195 663 test,
232 598 273 645 ex
295 580 335 644 M.
359 585 465 645 autem
488 580 591 645 Porcii
621 577 753 644 (latonia
776 578 950 661 originibus
981 599 1053 644 eum
1085 583 1230 648 hausisse

118 664 179 748 ipsi
200 683 298 748 supra
320 665 458 730 vidimus
481 671 511 730 et
532 663 673 748 Gellius,
705 665 839 745 nequis
867 684 945 728 casu
970 672 1093 731 tantum
1115 683 1229 734 ‘eorum

117 752 215 816 verba
236 756 325 828 tanto
347 769 442 832 opere
462 749 543 813 inter
565 770 600 815 se
621 771 798 833 congruere
819 750 1030 835 existimaret,
1052 761 1162 836 aperte
1185 755 1231 819 di-

118 837 172 902 xit.
210 836 299 900 Idem
321 836 389 900 sine
411 835 505 900 dubio
528 836 616 900 novit
646 837 849 921 inspexitque
870 835 904 901 Ο.
927 835 1019 901 Acilii
1041 839 1229 923 Glabrionis,

117 923 153 988 A.
175 920 330 986 Postumii
351 921 467 1001 Albini,
491 922 528 985 L.
551 919 713 1005 Calpurnii
734 921 869 1004 Pisonis,
892 923 928 986 L.
952 921 1055 988 cassii
1077 926 1233 990 Heminae

120 1008 252 1073 annales
274 1016 348 1071 ante
371 1027 444 1072 suos
466 1006 565 1089 ipsius
588 1009 705 1092 editos,
736 1009 816 1092 legit
840 1007 938 1071 etiam
960 1008 1101 1073 Marcelli
1122 1011 1232 1075 lauda-

25 1141 33 1148 „
117 1093 233 1161 tionem
249 1113 269 1156 a
284 1092 347 1156 tilio
362 1093 521 1176 scriptam,
535 1092 619 1156 unde
631 1093 729 1171 ¹haud
750 1101 868 1158 temere
888 1094 1016 1158 omnino
1039 1114 1112 1159 eum
1134 1115 1233 1177 quan-

123 1187 187 1244 tum
210 1186 319 1263 posset
340 1198 381 1243 ex
402 1177 594 1245 familiarum
623 1179 857 1244 commentariis
884 1179 1030 1244 hausisse
1057 1181 1233 1266 colligitur3

118 1285 176 1329 nec
198 1264 325 1349 publica
349 1284 432 1345 quae
455 1271 618 1329 exstarent
639 1275 847 1329 monumenta
867 1284 940 1328 cum
966 1266 1148 1348 neglexisse
1168 1285 1236 1333 ere·

119 1349 213 1416 dibile
236 1356 292 1416 est.
336 1353 394 1435 At,
426 1349 541 1416 dixerit
563 1350 736 1433 quispiam,
773 1350 806 1414 hi
831 1356 939 1414 minen
967 1370 1077 1417 omnes
1096 1355 1236 1418 Romani

121 1436 254 1520 fuerunt,
277 1435 384 1517 itaque
405 1434 474 1500 fieri
494 1454 597 1517 paene
619 1436 757 1501 debebat
777 1442 811 1500 ut
833 1434 882 1500 his
904 1454 1092 1518 quacunque
1112 1439 1237 1504 ratione

122 1522 216 1589 nimis
236 1523 366 1586 faveret.
411 1520 514 1600 Quod,
537 1539 721 1602 quanquam
744 1542 804 1604 ego
827 1540 954 1603 quoque
981 1523 1103 1605 patriae
1128 1543 1239 1590 amore

122 1614 237 1673 natura
258 1608 351 1672 insito
374 1605 425 1671 hic
444 1607 507 1670 illic
527 1607 663 1672 fortasse
683 1607 716 1672 in
738 1607 898 1672 narrando
920 1627 992 1672 eum
1008 1609 1136 1674 ductum
1152 1630 1238 1676 com:

124 1701 308 1774 motumque
331 1693 428 1758 tuisse
449 1711 513 1757 non
535 1713 628 1778 nego,
652 1701 760 1758 tamen
773 1714 815 1758 ne
825 1693 930 1758 dicam
947 1696 1075 1760 omnino
1091 1717 1155 1761 non
1166 1716 1238 1762 esse

123 1780 250 1864 factum,
273 1777 330 1843 sed
348 1779 408 1844 hoc
419 1785 503 1842 certe
515 1788 704 1860 argumento
725 1779 934 1845 demonstrari
952 1800 1016 1844 non
1036 1781 1117 1846 lieet.
1138 1783 1237 1847 Nam-

122 1884 183 1946 que
206 1872 237 1930 et
258 1863 374 1930 diserte
398 1882 416 1927 e
438 1863 537 1928 Sileni
549 1864 574 1947 1)
598 1885 694 1949 opere
713 1865 859 1931 hausisse
870 1865 1013 1945 traditur,
1032 1868 1086 1947 qui
1098 1867 1236 1948 quidem,

122 1951 264 2033 aequalis
286 1970 324 2028 ac
346 1968 453 2014 comes
474 1950 681 2034 Hannibalis,
716 1950 957 2034 diligentissime
986 1952 1054 2017 eius
1083 1973 1139 2019 res
1162 1955 1236 2020 scri·

122 2037 237 2121 psisset
255 2037 362 2116 itaque
377 2034 469 2115 quasi
480 2036 651 2100 alterarum
665 2037 802 2119 partium
822 2055 937 2101 causas
958 2036 1045 2120 apud
1065 2057 1101 2103 se
1116 2047 1236 2124 ageret,

121 2123 209 2188 cuius
239 2122 334 2186 etiam
364 2121 418 2186 ubi
447 2141 563 2187 nomen
590 2121 734 2186 additum
763 2142 827 2187 non
856 2124 897 2186 sit
918 2122 1055 2205 vestigia
1077 2126 1235 2204 quaedam

120 2209 153 2274 in
175 2207 275 2274 Goelii
296 2206 482 2289 fragmentis
504 2207 682 2272 invenimus
713 2208 762 2286 (es.
785 2207 928 2289 Bujack,
962 2207 1003 2272 de
1025 2208 1134 2274 Sdeno
1160 2211 1236 2275 seri·

121 2308 210 2379 ptorc
224 2292 419 2378 Hannibalis,
442 2293 622 2377 Regimont.
638 2294 751 2378 1859),
775 2300 806 2358 et
820 2293 925 2359 adhuc
938 2295 1118 2377 fragmenta
1139 2313 1235 2377 quae

123 2383 197 2445 dam
218 2380 251 2443 in
271 2381 366 2444 rebus
387 2378 489 2443 dubiis
512 2399 584 2443 eum
609 2399 674 2445 uon
692 2380 738 2444 sic
759 2386 877 2444 temere
900 2380 1073 2464 iudicasse,
1097 2382 1155 2445 sed
1176 2384 1236 2448 cri-

122 2467 186 2533 tica
209 2473 277 2529 arte
298 2465 440 2530 adhibita
461 2478 544 2544 quae
564 2465 709 2531 omnibus
727 2465 903 2531 rationibus
920 2465 1089 2549 diligenter
1101 2487 1236 2551 perpen-

124 2553 167 2618 sis
206 2571 283 2616 vera
319 2551 379 2616 sibi
410 2550 592 2615 riderentur
629 2552 833 2635 proposuisse
866 2558 976 2634 aperte
1010 2552 1238 2621 demonstrant.

123 2640 270 2717 Namque
292 2657 334 2701 ne
354 2644 497 2719 repetam
519 2656 558 2700 ea
580 2656 662 2717 quae
685 2657 783 2720 supra
803 2636 845 2701 ad
866 2637 979 2719 fragm.
1000 2637 1051 2703 52.
1071 2637 1154 2723 dixi,
1177 2660 1237 2705 nec

125 2724 230 2807 ipsum
253 2723 313 2787 hoc
335 2722 563 2804 negligendum
584 2729 644 2806 est,
679 2722 764 2804 quod
794 2723 940 2803 quamvis
959 2724 1126 2789 Romanus
1154 2731 1238 2791 essct

125 2817 156 2874 et
179 2828 251 2874 cum
275 2828 314 2872 ea
336 2819 430 2890 gente
446 2809 497 2872 vel
518 2808 624 2888 aliquo
646 2809 741 2874 modo
761 2808 945 2873 coniunctus
966 2808 1064 2874 tuisse
1084 2810 1237 2896 videatur,

125 2902 232 2959 tamen
254 2895 288 2959 P.
315 2892 470 2975 Scipionis
497 2893 529 2957 in
551 2893 671 2977 proelio
694 2894 738 2959 ad
750 2894 894 2959 Ticinum
916 2895 1032 2959 servati
1054 2894 1151 2961 decus
1173 2918 1238 2961 non

126 2980 169 3045 ad
188 2980 305 3063 fdium,
331 2978 416 3058 quod
435 2978 548 3058 reliqui
569 2999 678 3043 omnes
701 2979 864 3063 fecissent,
892 2978 950 3043 sed
971 2979 1014 3043 ad
1035 2982 1237 3064 peregrinum

127 3067 286 3147 quendam
313 3063 474 3129 hominem
503 3082 638 3145 eumque
665 3064 839 3128 humillimo
870 3064 939 3128 loeo
969 3071 1097 3145 natum,
1130 3075 1239 3152 utpote

127 3152 214 3233 quod
235 3150 339 3216 verius
362 3168 432 3215 esse
453 3168 641 3233 persuasum
661 3150 803 3232 haberet,
828 3147 989 3231 delegavit
1017 3150 1144 3234 (fragm.
1166 3155 1238 3236 48);

128 3246 159 3302 et
180 3238 247 3301 iure
268 3238 376 3302 Nauta
397 3255 449 3318 pg.
475 3237 523 3304 16.
545 3255 617 3300 cum
638 3234 679 3301 de
699 3236 762 3300 fide
776 3234 884 3300 Coelio
896 3233 1045 3299 habenda
1058 3245 1241 3321 exponeret,

126 3322 248 3407 primus
283 3322 349 3385 eius
386 3322 600 3403 fragmentum
643 3324 717 3403 (30.)
760 3319 865 3385 attulit
903 3320 989 3401 quod
1033 3320 1148 3403 legitur
1189 3343 1240 3406 ap.

128 3410 224 3474 Prisc.
248 3408 340 3491 VIII,
365 3407 393 3491 9,
419 3410 474 3470 18:
500 3407 704 3491 „exscriptis
727 3426 834 3473 eorum
858 3406 912 3486 qui
934 3404 1001 3471 veri
1021 3406 1241 3500 arbitrantur“,

199 3632 218 3699 ¹)
237 3630 329 3683 Etiam
348 3628 469 3699 reliquos
486 3628 545 3682 eius
562 3626 643 3697 quasi
660 3625 780 3695 generis,
811 3625 888 3678 cuius
909 3626 1038 3695 princeps
1055 3625 1164 3681 Silenus
1179 3628 1242 3697 fuit,

130 3700 289 3770 scriptores,
312 3698 431 3752 Sosilum
450 3697 567 3750 maxime
584 3701 613 3749 et
629 3694 793 3760 Chaeream,
814 3694 1040 3763 Xenophontem,
1062 3695 1242 3765 Eumachum‚

131 3774 196 3822 ante
214 3768 309 3821 oculos
326 3765 451 3819 Coelium
475 3764 605 3819 habuisse
627 3763 707 3817 certis
736 3763 906 3842 argumentis
928 3764 1109 3818 demonstrari
1131 3764 1243 3835 quidem

130 3854 187 3890 non
204 3842 303 3915 potest,
322 3836 370 3888 sed
386 3852 473 3889 unum
489 3835 647 3899 alterumve,
665 3829 800 3900 imprim1s
818 3830 950 3901 Sosilum,
968 3850 1031 3886 eum
1047 3834 1168 3902 novisse,
1186 3835 1245 3887 veri

130 3912 206 3960 certe
224 3911 266 3959 est
280 3904 375 3957 simile.
393 3902 428 3955 cf.
447 3909 521 3957 etam
534 3903 616 3956 Peter
632 3901 649 3953 1.
663 3900 678 3953 l.
693 3930 725 3939 -
745 3901 849 3953 contra
857 3899 1008 3969 Polybium
1024 3900 1116 3969 ipsum
1132 3903 1245 3971 quidem

131 3973 250 4028 fortasse
270 3973 431 4026 adolescens
442 3973 548 4025 Romae
564 3970 640 4039 apud
651 3967 779 4022 Laelium
790 3968 860 4021 vidit
876 3970 1072 4039 cognovitque3
1090 3971 1162 4023 hunc
1178 3987 1244 4023 vero

132 4042 283 4164 quominuss
307 4048 461 4095 statuamus
493 4057 565 4092 eum.
586 4044 711 4093 secutum
741 4053 813 4105 esse,
848 4036 993 4109 utriusque
1020 4038 1112 4106 operis
1139 4044 1244 4093 ‘natura

132 4117 263 4182 sparteo
284 4116 347 4165 stat.
