<?xml version="1.0" encoding="UTF-8"?>
<!DOCTYPE html PUBLIC "-//W3C//DTD XHTML 1.0 Transitional//EN"
    "http://www.w3.org/TR/xhtml1/DTD/xhtml1-transitional.dtd">
<html xmlns="http://www.w3.org/1999/xhtml" xml:lang="en" lang="en">
 <head>
  <title>
</title>
<meta http-equiv="Content-Type" content="text/html;charset=utf-8" />
  <meta name='ocr-system' content='tesseract 3.04.00' />
  <meta name='ocr-capabilities' content='ocr_page ocr_carea ocr_par ocr_line ocrx_word'/>
</head>
<body>
  <div class='ocr_page' id='page_1' title='image "./delcoelioantipa01meltgoog_0052.png"; bbox 0 0 2867 4650; ppageno 0'>
   <div class='ocr_carea' id='block_1_1' title="bbox 720 298 765 365">
    <p class='ocr_par' dir='ltr' id='par_1_1' title="bbox 720 298 765 365">
     <span class='ocr_line' id='line_1_1' title="bbox 720 298 765 365; baseline 0 0"><span class='ocrx_word' id='word_1_1' title='bbox 720 298 765 365; x_wconf 83' lang='lat'>44</span> 
     </span>
    </p>
   </div>
   <div class='ocr_carea' id='block_1_2' title="bbox 184 465 1301 1235">
    <p class='ocr_par' dir='ltr' id='par_1_2' title="bbox 184 465 1301 1235">
     <span class='ocr_line' id='line_1_2' title="bbox 184 465 1298 552; baseline -0.003 -18"><span class='ocrx_word' id='word_1_2' title='bbox 184 465 315 534; x_wconf 88' lang='lat' dir='ltr'>modum</span> <span class='ocrx_word' id='word_1_3' title='bbox 337 465 440 532; x_wconf 85' lang='lat' dir='ltr'>simile</span> <span class='ocrx_word' id='word_1_4' title='bbox 461 473 517 532; x_wconf 88' lang='lat' dir='ltr'>est.</span> <span class='ocrx_word' id='word_1_5' title='bbox 561 469 661 534; x_wconf 71' lang='lat' dir='ltr'>Idem,</span> <span class='ocrx_word' id='word_1_6' title='bbox 674 471 715 534; x_wconf 88' lang='lat' dir='ltr'>ab</span> <span class='ocrx_word' id='word_1_7' title='bbox 743 467 788 534; x_wconf 89' lang='lat' dir='ltr'>eis</span> <span class='ocrx_word' id='word_1_8' title='bbox 815 468 869 552; x_wconf 89' lang='lat' dir='ltr'>qui</span> <span class='ocrx_word' id='word_1_9' title='bbox 897 475 972 532; x_wconf 88' lang='lat' dir='ltr'>ante</span> <span class='ocrx_word' id='word_1_10' title='bbox 993 466 1136 532; x_wconf 83' lang='lat' dir='ltr'>Ooetium</span> <span class='ocrx_word' id='word_1_11' title='bbox 1167 465 1298 531; x_wconf 88' lang='lat' dir='ltr'>annales</span> 
     </span>
     <span class='ocr_line' id='line_1_3' title="bbox 185 551 1298 656; baseline -0.004 -36"><span class='ocrx_word' id='word_1_12' title='bbox 185 553 377 638; x_wconf 87' lang='lat' dir='ltr'>seripserunt</span> <span class='ocrx_word' id='word_1_13' title='bbox 398 553 517 617; x_wconf 83' lang='lat' dir='ltr'>iaetum</span> <span class='ocrx_word' id='word_1_14' title='bbox 539 574 619 636; x_wconf 87' lang='lat' dir='ltr'>esse,</span> <span class='ocrx_word' id='word_1_15' title='bbox 641 562 674 621; x_wconf 91' lang='lat' dir='ltr'>et</span> <span class='ocrx_word' id='word_1_16' title='bbox 694 556 881 639; x_wconf 75' lang='lat' dir='ltr'>scriptorum</span> <span class='ocrx_word' id='word_1_17' title='bbox 903 551 1090 619; x_wconf 80' lang='lat' dir='ltr'>testimoniis</span> <span class='ocrx_word' id='word_1_18' title='bbox 1112 553 1214 656; x_wconf 72' lang='lat' dir='ltr'>(velut</span> <span class='ocrx_word' id='word_1_19' title='bbox 1236 551 1298 618; x_wconf 82' lang='lat' dir='ltr'>cto.</span> 
     </span>
     <span class='ocr_line' id='line_1_4' title="bbox 187 637 1298 723; baseline -0.004 -19"><span class='ocrx_word' id='word_1_20' title='bbox 187 641 272 704; x_wconf 86' lang='lat' dir='ltr'>Brut</span> <span class='ocrx_word' id='word_1_21' title='bbox 295 639 344 704; x_wconf 82' lang='lat'>21.</span> <span class='ocrx_word' id='word_1_22' title='bbox 374 639 424 704; x_wconf 77' lang='lat'>23.</span> <span class='ocrx_word' id='word_1_23' title='bbox 460 639 500 702; x_wconf 89' lang='lat' dir='ltr'>de</span> <span class='ocrx_word' id='word_1_24' title='bbox 533 660 576 705; x_wconf 89' lang='lat' dir='ltr'>or.</span> <span class='ocrx_word' id='word_1_25' title='bbox 599 642 630 723; x_wconf 92' lang='lat' dir='ltr'>I,</span> <span class='ocrx_word' id='word_1_26' title='bbox 663 642 712 706; x_wconf 83' lang='lat'>53.</span> <span class='ocrx_word' id='word_1_27' title='bbox 751 641 817 708; x_wconf 79' lang='lat' dir='ltr'>liu.</span> <span class='ocrx_word' id='word_1_28' title='bbox 852 641 956 715; x_wconf 86' lang='lat' dir='ltr'>XLV,</span> <span class='ocrx_word' id='word_1_29' title='bbox 994 640 1043 704; x_wconf 77' lang='lat'>25.</span> <span class='ocrx_word' id='word_1_30' title='bbox 1077 646 1151 723; x_wconf 89' lang='lat' dir='ltr'>eprt.</span> <span class='ocrx_word' id='word_1_31' title='bbox 1184 637 1298 702; x_wconf 82' lang='lat' dir='ltr'><strong>XLIX.</strong></span> 
     </span>
     <span class='ocr_line' id='line_1_5' title="bbox 188 720 1301 809; baseline -0.003 -20"><span class='ocrx_word' id='word_1_32' title='bbox 188 725 267 790; x_wconf 77' lang='lat' dir='ltr'>Geli.</span> <span class='ocrx_word' id='word_1_33' title='bbox 280 725 368 808; x_wconf 88' lang='lat' dir='ltr'>XIII,</span> <span class='ocrx_word' id='word_1_34' title='bbox 385 720 440 805; x_wconf 70' lang='lat'>24)</span> <span class='ocrx_word' id='word_1_35' title='bbox 463 730 494 788; x_wconf 88' lang='lat' dir='ltr'>et</span> <span class='ocrx_word' id='word_1_36' title='bbox 515 724 589 789; x_wconf 90' lang='lat' dir='ltr'>item</span> <span class='ocrx_word' id='word_1_37' title='bbox 609 745 717 792; x_wconf 87' lang='lat' dir='ltr'>eorum</span> <span class='ocrx_word' id='word_1_38' title='bbox 732 728 920 809; x_wconf 76' lang='lat' dir='ltr'>fragmentis</span> <span class='ocrx_word' id='word_1_39' title='bbox 936 726 1147 808; x_wconf 78' lang='lat' dir='ltr'>confirmatur,</span> <span class='ocrx_word' id='word_1_40' title='bbox 1170 743 1229 788; x_wconf 88' lang='lat' dir='ltr'>nee</span> <span class='ocrx_word' id='word_1_41' title='bbox 1243 741 1301 805; x_wconf 91' lang='lat' dir='ltr'>per</span> 
     </span>
     <span class='ocr_line' id='line_1_6' title="bbox 188 809 1300 895; baseline -0.006 -18"><span class='ocrx_word' id='word_1_42' title='bbox 188 831 224 877; x_wconf 89' lang='lat' dir='ltr'>se</span> <span class='ocrx_word' id='word_1_43' title='bbox 245 809 359 874; x_wconf 88' lang='lat' dir='ltr'>mirum</span> <span class='ocrx_word' id='word_1_44' title='bbox 378 816 435 874; x_wconf 89' lang='lat' dir='ltr'>est.</span> <span class='ocrx_word' id='word_1_45' title='bbox 481 809 547 876; x_wconf 85' lang='lat' dir='ltr'>Sed</span> <span class='ocrx_word' id='word_1_46' title='bbox 571 814 734 892; x_wconf 88' lang='lat' dir='ltr'>quaeritur</span> <span class='ocrx_word' id='word_1_47' title='bbox 752 820 855 876; x_wconf 79' lang='lat' dir='ltr'>noum</span> <span class='ocrx_word' id='word_1_48' title='bbox 877 813 998 895; x_wconf 89' lang='lat' dir='ltr'>primus</span> <span class='ocrx_word' id='word_1_49' title='bbox 1021 810 1146 876; x_wconf 78' lang='lat' dir='ltr'>Coelius</span> <span class='ocrx_word' id='word_1_50' title='bbox 1168 809 1259 873; x_wconf 87' lang='lat' dir='ltr'>tiotas</span> <span class='ocrx_word' id='word_1_51' title='bbox 1280 828 1300 870; x_wconf 89' lang='lat' dir='ltr'>a</span> 
     </span>
     <span class='ocr_line' id='line_1_7' title="bbox 188 887 1301 980; baseline -0.004 -18"><span class='ocrx_word' id='word_1_52' title='bbox 188 916 225 962; x_wconf 89' lang='lat' dir='ltr'>se</span> <span class='ocrx_word' id='word_1_53' title='bbox 246 894 405 961; x_wconf 84' lang='lat' dir='ltr'>orationes</span> <span class='ocrx_word' id='word_1_54' title='bbox 426 893 602 978; x_wconf 82' lang='lat' dir='ltr'>inseruerit,</span> <span class='ocrx_word' id='word_1_55' title='bbox 624 899 657 962; x_wconf 91' lang='lat' dir='ltr'>id</span> <span class='ocrx_word' id='word_1_56' title='bbox 673 900 759 980; x_wconf 88' lang='lat' dir='ltr'>quod</span> <span class='ocrx_word' id='word_1_57' title='bbox 769 897 911 964; x_wconf 88' lang='lat' dir='ltr'>nonnulli</span> <span class='ocrx_word' id='word_1_58' title='bbox 933 897 1050 961; x_wconf 81' lang='lat' dir='ltr'>sautum</span> <span class='ocrx_word' id='word_1_59' title='bbox 1072 887 1301 978; x_wconf 73' lang='lat' dir='ltr'>putaverunt,¹i</span> 
     </span>
     <span class='ocr_line' id='line_1_8' title="bbox 187 982 1299 1062; baseline -0.004 -16"><span class='ocrx_word' id='word_1_60' title='bbox 187 1001 300 1062; x_wconf 88' lang='lat' dir='ltr'>neene;</span> <span class='ocrx_word' id='word_1_61' title='bbox 330 1000 406 1044; x_wconf 88' lang='lat' dir='ltr'>nam</span> <span class='ocrx_word' id='word_1_62' title='bbox 431 999 509 1046; x_wconf 87' lang='lat' dir='ltr'>sane</span> <span class='ocrx_word' id='word_1_63' title='bbox 529 983 708 1050; x_wconf 88' lang='lat' dir='ltr'>testimonia</span> <span class='ocrx_word' id='word_1_64' title='bbox 729 986 784 1049; x_wconf 87' lang='lat' dir='ltr'>illa</span> <span class='ocrx_word' id='word_1_65' title='bbox 806 983 914 1050; x_wconf 90' lang='lat' dir='ltr'>omnia</span> <span class='ocrx_word' id='word_1_66' title='bbox 936 982 1154 1047; x_wconf 88' lang='lat' dir='ltr'>adorationes</span> <span class='ocrx_word' id='word_1_67' title='bbox 1178 987 1299 1044; x_wconf 88' lang='lat' dir='ltr'>tantum</span> 
     </span>
     <span class='ocr_line' id='line_1_9' title="bbox 189 1065 1301 1153; baseline -0.004 -20"><span class='ocrx_word' id='word_1_68' title='bbox 189 1087 223 1133; x_wconf 88' lang='lat' dir='ltr'>re</span> <span class='ocrx_word' id='word_1_69' title='bbox 248 1086 325 1131; x_wconf 87' lang='lat' dir='ltr'>vera</span> <span class='ocrx_word' id='word_1_70' title='bbox 345 1072 441 1131; x_wconf 89' lang='lat' dir='ltr'>antea</span> <span class='ocrx_word' id='word_1_71' title='bbox 461 1065 586 1134; x_wconf 85' lang='lat' dir='ltr'>habitas</span> <span class='ocrx_word' id='word_1_72' title='bbox 610 1078 770 1153; x_wconf 78' lang='lat' dir='ltr'>spectant3</span> <span class='ocrx_word' id='word_1_73' title='bbox 800 1109 831 1118; x_wconf 88' lang='lat'>-</span> <span class='ocrx_word' id='word_1_74' title='bbox 854 1089 950 1150; x_wconf 89' lang='lat' dir='ltr'>quam</span> <span class='ocrx_word' id='word_1_75' title='bbox 971 1075 1078 1132; x_wconf 88' lang='lat' dir='ltr'>tamen</span> <span class='ocrx_word' id='word_1_76' title='bbox 1100 1087 1167 1133; x_wconf 84' lang='lat' dir='ltr'>rem</span> <span class='ocrx_word' id='word_1_77' title='bbox 1191 1065 1301 1130; x_wconf 88' lang='lat' dir='ltr'>etiam·</span> 
     </span>
     <span class='ocr_line' id='line_1_10' title="bbox 187 1150 1301 1235; baseline -0.003 -18"><span class='ocrx_word' id='word_1_78' title='bbox 187 1171 271 1218; x_wconf 89' lang='lat' dir='ltr'>nuno</span> <span class='ocrx_word' id='word_1_79' title='bbox 293 1150 465 1230; x_wconf 77' lang='lat' dir='ltr'>diiudicari,</span> <span class='ocrx_word' id='word_1_80' title='bbox 485 1172 580 1235; x_wconf 86' lang='lat' dir='ltr'>posse</span> <span class='ocrx_word' id='word_1_81' title='bbox 602 1175 670 1220; x_wconf 91' lang='lat' dir='ltr'>non</span> <span class='ocrx_word' id='word_1_82' title='bbox 686 1156 792 1221; x_wconf 88' lang='lat' dir='ltr'>eredo.</span> <span class='ocrx_word' id='word_1_83' title='bbox 827 1154 991 1219; x_wconf 81' lang='lat' dir='ltr'>Sententia</span> <span class='ocrx_word' id='word_1_84' title='bbox 1012 1153 1095 1218; x_wconf 90' lang='lat' dir='ltr'>enim</span> <span class='ocrx_word' id='word_1_85' title='bbox 1119 1152 1173 1217; x_wconf 87' lang='lat' dir='ltr'>itta</span> <span class='ocrx_word' id='word_1_86' title='bbox 1192 1171 1301 1233; x_wconf 89' lang='lat' dir='ltr'>quam·</span> 
     </span>
    </p>
   </div>
   <div class='ocr_carea' id='block_1_3' title="bbox 189 1236 1404 1494">
    <p class='ocr_par' dir='ltr' id='par_1_3' title="bbox 189 1236 1404 1494">
     <span class='ocr_line' id='line_1_11' title="bbox 189 1236 1402 1322; baseline -0.002 -20"><span class='ocrx_word' id='word_1_87' title='bbox 189 1237 237 1304; x_wconf 85' lang='lat' dir='ltr'>vis</span> <span class='ocrx_word' id='word_1_88' title='bbox 261 1237 304 1302; x_wconf 88' lang='lat' dir='ltr'>ad</span> <span class='ocrx_word' id='word_1_89' title='bbox 325 1236 477 1302; x_wconf 84' lang='lat' dir='ltr'>historiae</span> <span class='ocrx_word' id='word_1_90' title='bbox 497 1246 643 1306; x_wconf 88' lang='lat' dir='ltr'>naturam</span> <span class='ocrx_word' id='word_1_91' title='bbox 665 1261 703 1307; x_wconf 88' lang='lat' dir='ltr'>ae</span> <span class='ocrx_word' id='word_1_92' title='bbox 721 1242 886 1320; x_wconf 88' lang='lat' dir='ltr'>rationem,</span> <span class='ocrx_word' id='word_1_93' title='bbox 907 1259 991 1321; x_wconf 91' lang='lat' dir='ltr'>quae</span> <span class='ocrx_word' id='word_1_94' title='bbox 1007 1239 1062 1304; x_wconf 91' lang='lat' dir='ltr'>illo</span> <span class='ocrx_word' id='word_1_95' title='bbox 1076 1247 1219 1322; x_wconf 89' lang='lat' dir='ltr'>tempore</span> <span class='ocrx_word' id='word_1_96' title='bbox 1236 1236 1301 1300; x_wconf 83' lang='lat' dir='ltr'>fue·</span> <span class='ocrx_word' id='word_1_97' title='bbox 1401 1260 1402 1281; x_wconf 62' lang='lat' dir='ltr'>i</span> 
     </span>
     <span class='ocr_line' id='line_1_12' title="bbox 191 1321 1403 1407; baseline -0.002 -19"><span class='ocrx_word' id='word_1_98' title='bbox 191 1323 238 1399; x_wconf 91' lang='lat' dir='ltr'>rit,</span> <span class='ocrx_word' id='word_1_99' title='bbox 262 1321 504 1388; x_wconf 75' lang='lat' dir='ltr'>accommodata</span> <span class='ocrx_word' id='word_1_100' title='bbox 527 1344 597 1392; x_wconf 89' lang='lat' dir='ltr'>esse</span> <span class='ocrx_word' id='word_1_101' title='bbox 618 1327 777 1394; x_wconf 82' lang='lat' dir='ltr'>videatur:</span> <span class='ocrx_word' id='word_1_102' title='bbox 800 1326 870 1407; x_wconf 84' lang='lat' dir='ltr'>quis</span> <span class='ocrx_word' id='word_1_103' title='bbox 891 1326 1030 1407; x_wconf 90' lang='lat' dir='ltr'>tandem,</span> <span class='ocrx_word' id='word_1_104' title='bbox 1054 1343 1182 1406; x_wconf 89' lang='lat' dir='ltr'>quaeso,</span> <span class='ocrx_word' id='word_1_105' title='bbox 1206 1322 1301 1387; x_wconf 88' lang='lat' dir='ltr'>etiam</span> <span class='ocrx_word' id='word_1_106' title='bbox 1402 1334 1403 1347; x_wconf 62' lang='lat'>¹</span> 
     </span>
     <span class='ocr_line' id='line_1_13' title="bbox 190 1406 1404 1494; baseline -0.002 -19"><span class='ocrx_word' id='word_1_107' title='bbox 190 1408 359 1492; x_wconf 86' lang='lat' dir='ltr'>seriptores</span> <span class='ocrx_word' id='word_1_108' title='bbox 381 1408 490 1474; x_wconf 81' lang='lat' dir='ltr'>Coelio</span> <span class='ocrx_word' id='word_1_109' title='bbox 513 1412 723 1494; x_wconf 81' lang='lat' dir='ltr'>antiquiores,</span> <span class='ocrx_word' id='word_1_110' title='bbox 754 1412 807 1476; x_wconf 91' lang='lat' dir='ltr'>ubi</span> <span class='ocrx_word' id='word_1_111' title='bbox 833 1412 950 1477; x_wconf 89' lang='lat' dir='ltr'>idonea</span> <span class='ocrx_word' id='word_1_112' title='bbox 976 1431 1086 1475; x_wconf 85' lang='lat' dir='ltr'>earnm</span> <span class='ocrx_word' id='word_1_113' title='bbox 1113 1415 1303 1492; x_wconf 85' lang='lat' dir='ltr'>argumenta</span> <span class='ocrx_word' id='word_1_114' title='bbox 1403 1406 1404 1419; x_wconf 53' lang='lat'>,</span> 
     </span>
    </p>
   </div>
   <div class='ocr_carea' id='block_1_4' title="bbox 135 1493 1336 3383">
    <p class='ocr_par' dir='ltr' id='par_1_4' title="bbox 190 1493 1336 2355">
     <span class='ocr_line' id='line_1_14' title="bbox 192 1493 1302 1580; baseline -0.004 -19"><span class='ocrx_word' id='word_1_115' title='bbox 192 1493 383 1578; x_wconf 86' lang='lat' dir='ltr'>invenirent,</span> <span class='ocrx_word' id='word_1_116' title='bbox 407 1495 621 1561; x_wconf 82' lang='lat' dir='ltr'>orationes-</span> <span class='ocrx_word' id='word_1_117' title='bbox 643 1499 677 1562; x_wconf 91' lang='lat' dir='ltr'>id</span> <span class='ocrx_word' id='word_1_118' title='bbox 698 1499 784 1580; x_wconf 88' lang='lat' dir='ltr'>quod</span> <span class='ocrx_word' id='word_1_119' title='bbox 806 1498 933 1562; x_wconf 92' lang='lat' dir='ltr'>omnino</span> <span class='ocrx_word' id='word_1_120' title='bbox 955 1504 1078 1562; x_wconf 88' lang='lat' dir='ltr'>veteres</span> <span class='ocrx_word' id='word_1_121' title='bbox 1100 1494 1239 1560; x_wconf 80' lang='lat' dir='ltr'>historici</span> <span class='ocrx_word' id='word_1_122' title='bbox 1259 1493 1302 1558; x_wconf 84' lang='lat' dir='ltr'>f-</span> 
     </span>
     <span class='ocr_line' id='line_1_15' title="bbox 192 1579 1302 1663; baseline -0.002 -18"><span class='ocrx_word' id='word_1_123' title='bbox 192 1586 302 1646; x_wconf 90' lang='lat' dir='ltr'>oerunt</span> <span class='ocrx_word' id='word_1_124' title='bbox 324 1619 366 1628; x_wconf 93' lang='lat'><em>-</em></span> <span class='ocrx_word' id='word_1_125' title='bbox 386 1579 516 1646; x_wconf 87' lang='lat' dir='ltr'>finxisse</span> <span class='ocrx_word' id='word_1_126' title='bbox 537 1589 569 1646; x_wconf 89' lang='lat' dir='ltr'>et</span> <span class='ocrx_word' id='word_1_127' title='bbox 592 1585 683 1663; x_wconf 89' lang='lat' dir='ltr'>quasi</span> <span class='ocrx_word' id='word_1_128' title='bbox 706 1585 747 1650; x_wconf 87' lang='lat' dir='ltr'>ab</span> <span class='ocrx_word' id='word_1_129' title='bbox 769 1583 948 1648; x_wconf 86' lang='lat' dir='ltr'>hominibus</span> <span class='ocrx_word' id='word_1_130' title='bbox 968 1601 1074 1647; x_wconf 90' lang='lat' dir='ltr'>rerum</span> <span class='ocrx_word' id='word_1_131' title='bbox 1095 1601 1116 1646; x_wconf 90' lang='lat' dir='ltr'>a</span> <span class='ocrx_word' id='word_1_132' title='bbox 1137 1600 1173 1646; x_wconf 92' lang='lat' dir='ltr'>se</span> <span class='ocrx_word' id='word_1_133' title='bbox 1194 1598 1302 1644; x_wconf 88' lang='lat' dir='ltr'>narra-</span> 
     </span>
     <span class='ocr_line' id='line_1_16' title="bbox 190 1665 1336 1753; baseline -0.002 -23"><span class='ocrx_word' id='word_1_134' title='bbox 190 1672 294 1730; x_wconf 86' lang='lat' dir='ltr'>tarum</span> <span class='ocrx_word' id='word_1_135' title='bbox 317 1666 413 1730; x_wconf 84' lang='lat' dir='ltr'>nexui</span> <span class='ocrx_word' id='word_1_136' title='bbox 435 1665 603 1749; x_wconf 82' lang='lat' dir='ltr'>implioatis</span> <span class='ocrx_word' id='word_1_137' title='bbox 623 1668 749 1734; x_wconf 89' lang='lat' dir='ltr'>habitas</span> <span class='ocrx_word' id='word_1_138' title='bbox 767 1667 972 1753; x_wconf 85' lang='lat' dir='ltr'>proposuisse</span> <span class='ocrx_word' id='word_1_139' title='bbox 993 1666 1183 1750; x_wconf 76' lang='lat' dir='ltr'>negaverit?</span> <span class='ocrx_word' id='word_1_140' title='bbox 1226 1666 1302 1730; x_wconf 80' lang='lat' dir='ltr'>For·</span> <span class='ocrx_word' id='word_1_141' title='bbox 1332 1683 1336 1691; x_wconf 77' lang='grc'><em>“</em></span> 
     </span>
     <span class='ocr_line' id='line_1_17' title="bbox 190 1750 1304 1836; baseline -0.004 -19"><span class='ocrx_word' id='word_1_142' title='bbox 190 1758 276 1817; x_wconf 86' lang='lat' dir='ltr'>tasse</span> <span class='ocrx_word' id='word_1_143' title='bbox 293 1750 389 1832; x_wconf 84' lang='lat' dir='ltr'>igitur</span> <span class='ocrx_word' id='word_1_144' title='bbox 407 1755 468 1820; x_wconf 88' lang='lat' dir='ltr'>hoo</span> <span class='ocrx_word' id='word_1_145' title='bbox 488 1755 707 1819; x_wconf 89' lang='lat' dir='ltr'>tantummodo</span> <span class='ocrx_word' id='word_1_146' title='bbox 730 1754 948 1836; x_wconf 85' lang='lat' dir='ltr'>aooipiendum</span> <span class='ocrx_word' id='word_1_147' title='bbox 970 1753 1060 1818; x_wconf 89' lang='lat' dir='ltr'>nohis</span> <span class='ocrx_word' id='word_1_148' title='bbox 1082 1759 1139 1831; x_wconf 85' lang='lat' dir='ltr'>est,</span> <span class='ocrx_word' id='word_1_149' title='bbox 1160 1750 1304 1818; x_wconf 74' lang='lat' dir='ltr'>Coelium</span> 
     </span>
     <span class='ocr_line' id='line_1_18' title="bbox 190 1835 1304 1920; baseline -0.002 -18"><span class='ocrx_word' id='word_1_150' title='bbox 190 1835 302 1902; x_wconf 87' lang='lat' dir='ltr'>oeteris</span> <span class='ocrx_word' id='word_1_151' title='bbox 318 1837 445 1920; x_wconf 90' lang='lat' dir='ltr'>saepius</span> <span class='ocrx_word' id='word_1_152' title='bbox 466 1837 545 1902; x_wconf 89' lang='lat' dir='ltr'>illud</span> <span class='ocrx_word' id='word_1_153' title='bbox 565 1840 677 1906; x_wconf 80' lang='lat' dir='ltr'>senisse</span> <span class='ocrx_word' id='word_1_154' title='bbox 699 1881 741 1890; x_wconf 88' lang='lat'>—</span> <span class='ocrx_word' id='word_1_155' title='bbox 765 1849 815 1912; x_wconf 85' lang='lat' dir='ltr'>tao</span> <span class='ocrx_word' id='word_1_156' title='bbox 838 1859 915 1906; x_wconf 91' lang='lat' dir='ltr'>sane</span> <span class='ocrx_word' id='word_1_157' title='bbox 935 1839 1010 1904; x_wconf 90' lang='lat' dir='ltr'>belli</span> <span class='ocrx_word' id='word_1_158' title='bbox 1023 1838 1133 1904; x_wconf 90' lang='lat' dir='ltr'>Punioi</span> <span class='ocrx_word' id='word_1_159' title='bbox 1147 1839 1185 1903; x_wconf 85' lang='lat' dir='ltr'>ll.</span> <span class='ocrx_word' id='word_1_160' title='bbox 1207 1836 1304 1901; x_wconf 88' lang='lat' dir='ltr'>histo·</span> 
     </span>
     <span class='ocr_line' id='line_1_19' title="bbox 190 1920 1306 2006; baseline -0.006 -14"><span class='ocrx_word' id='word_1_161' title='bbox 190 1920 270 1992; x_wconf 78' lang='lat' dir='ltr'>riam</span> <span class='ocrx_word' id='word_1_162' title='bbox 289 1922 406 1989; x_wconf 88' lang='lat' dir='ltr'>multas</span> <span class='ocrx_word' id='word_1_163' title='bbox 426 1925 580 1991; x_wconf 88' lang='lat' dir='ltr'>eiusmodi</span> <span class='ocrx_word' id='word_1_164' title='bbox 601 1927 783 1992; x_wconf 88' lang='lat' dir='ltr'>ooeasiones</span> <span class='ocrx_word' id='word_1_165' title='bbox 805 1925 957 1991; x_wconf 88' lang='lat' dir='ltr'>obtulisse</span> <span class='ocrx_word' id='word_1_166' title='bbox 975 1931 1221 1991; x_wconf 81' lang='lat' dir='ltr'>consentaneum</span> <span class='ocrx_word' id='word_1_167' title='bbox 1242 1922 1306 2006; x_wconf 87' lang='lat' dir='ltr'>est)</span> 
     </span>
     <span class='ocr_line' id='line_1_20' title="bbox 191 2007 1305 2096; baseline -0.001 -24"><span class='ocrx_word' id='word_1_168' title='bbox 191 2045 233 2056; x_wconf 90' lang='lat'>-</span> <span class='ocrx_word' id='word_1_169' title='bbox 257 2009 480 2094; x_wconf 86' lang='lat' dir='ltr'>orationesque</span> <span class='ocrx_word' id='word_1_170' title='bbox 500 2011 629 2078; x_wconf 87' lang='lat' dir='ltr'>tinxisse</span> <span class='ocrx_word' id='word_1_171' title='bbox 651 2020 697 2096; x_wconf 89' lang='lat' dir='ltr'>et,</span> <span class='ocrx_word' id='word_1_172' title='bbox 730 2012 816 2093; x_wconf 91' lang='lat' dir='ltr'>qnod</span> <span class='ocrx_word' id='word_1_173' title='bbox 846 2010 972 2092; x_wconf 90' lang='lat' dir='ltr'>quidem</span> <span class='ocrx_word' id='word_1_174' title='bbox 1005 2009 1174 2076; x_wconf 90' lang='lat' dir='ltr'>disorimen</span> <span class='ocrx_word' id='word_1_175' title='bbox 1200 2009 1232 2073; x_wconf 91' lang='lat' dir='ltr'>in</span> <span class='ocrx_word' id='word_1_176' title='bbox 1257 2007 1305 2071; x_wconf 89' lang='lat' dir='ltr'>his</span> 
     </span>
     <span class='ocr_line' id='line_1_21' title="bbox 190 2093 1305 2180; baseline -0.001 -22"><span class='ocrx_word' id='word_1_177' title='bbox 190 2093 393 2161; x_wconf 85' lang='lat' dir='ltr'>statuendum</span> <span class='ocrx_word' id='word_1_178' title='bbox 414 2105 469 2180; x_wconf 84' lang='lat' dir='ltr'>est,</span> <span class='ocrx_word' id='word_1_179' title='bbox 493 2098 632 2165; x_wconf 84' lang='lat' dir='ltr'>ubivere</span> <span class='ocrx_word' id='word_1_180' title='bbox 653 2098 832 2164; x_wconf 88' lang='lat' dir='ltr'>habitarum</span> <span class='ocrx_word' id='word_1_181' title='bbox 852 2102 1042 2180; x_wconf 82' lang='lat' dir='ltr'>argumenta</span> <span class='ocrx_word' id='word_1_182' title='bbox 1063 2096 1305 2180; x_wconf 80' lang='lat' dir='ltr'>apndauotores</span> 
     </span>
     <span class='ocr_line' id='line_1_22' title="bbox 194 2178 1303 2266; baseline -0.003 -22"><span class='ocrx_word' id='word_1_183' title='bbox 194 2198 269 2244; x_wconf 87' lang='lat' dir='ltr'>suos</span> <span class='ocrx_word' id='word_1_184' title='bbox 291 2178 454 2264; x_wconf 87' lang='lat' dir='ltr'>inveniret,</span> <span class='ocrx_word' id='word_1_185' title='bbox 478 2188 509 2248; x_wconf 88' lang='lat' dir='ltr'>et</span> <span class='ocrx_word' id='word_1_186' title='bbox 530 2185 583 2249; x_wconf 92' lang='lat' dir='ltr'>ubi</span> <span class='ocrx_word' id='word_1_187' title='bbox 606 2185 737 2250; x_wconf 89' lang='lat' dir='ltr'>erebus</span> <span class='ocrx_word' id='word_1_188' title='bbox 756 2183 855 2266; x_wconf 85' lang='lat' dir='ltr'>gestis</span> <span class='ocrx_word' id='word_1_189' title='bbox 876 2188 1009 2265; x_wconf 87' lang='lat' dir='ltr'>tantum,</span> <span class='ocrx_word' id='word_1_190' title='bbox 1034 2201 1118 2263; x_wconf 88' lang='lat' dir='ltr'>quae</span> <span class='ocrx_word' id='word_1_191' title='bbox 1139 2199 1237 2246; x_wconf 90' lang='lat' dir='ltr'>unum</span> <span class='ocrx_word' id='word_1_192' title='bbox 1260 2179 1303 2242; x_wconf 87' lang='lat' dir='ltr'>al-</span> 
     </span>
     <span class='ocr_line' id='line_1_23' title="bbox 195 2266 1056 2355; baseline 0.005 -24"><span class='ocrx_word' id='word_1_193' title='bbox 195 2273 336 2333; x_wconf 88' lang='lat' dir='ltr'>terumve</span> <span class='ocrx_word' id='word_1_194' title='bbox 356 2266 460 2335; x_wconf 81' lang='lat' dir='ltr'>disere</span> <span class='ocrx_word' id='word_1_195' title='bbox 478 2269 618 2353; x_wconf 88' lang='lat' dir='ltr'>potuisse</span> <span class='ocrx_word' id='word_1_196' title='bbox 639 2277 775 2355; x_wconf 79' lang='lat' dir='ltr'>putaret,</span> <span class='ocrx_word' id='word_1_197' title='bbox 797 2269 867 2353; x_wconf 93' lang='lat' dir='ltr'>ipse</span> <span class='ocrx_word' id='word_1_198' title='bbox 885 2268 1056 2352; x_wconf 76' lang='lat' dir='ltr'>colligeret.</span> 
     </span>
    </p>

    <p class='ocr_par' dir='ltr' id='par_1_5' title="bbox 135 2349 1312 3383">
     <span class='ocr_line' id='line_1_24' title="bbox 279 2349 1305 2434; baseline -0.002 -17"><span class='ocrx_word' id='word_1_199' title='bbox 279 2354 443 2421; x_wconf 89' lang='lat' dir='ltr'>Postremo</span> <span class='ocrx_word' id='word_1_200' title='bbox 467 2354 507 2420; x_wconf 90' lang='lat' dir='ltr'>de</span> <span class='ocrx_word' id='word_1_201' title='bbox 529 2358 666 2423; x_wconf 84' lang='lat' dir='ltr'>tontibus</span> <span class='ocrx_word' id='word_1_202' title='bbox 698 2364 730 2422; x_wconf 88' lang='lat' dir='ltr'>et</span> <span class='ocrx_word' id='word_1_203' title='bbox 759 2354 946 2421; x_wconf 78' lang='lat' dir='ltr'>auctoritate</span> <span class='ocrx_word' id='word_1_204' title='bbox 968 2356 1004 2418; x_wconf 86' lang='lat' dir='ltr'>L.</span> <span class='ocrx_word' id='word_1_205' title='bbox 1027 2352 1127 2419; x_wconf 77' lang='lat' dir='ltr'>Ooeiii</span> <span class='ocrx_word' id='word_1_206' title='bbox 1148 2349 1305 2434; x_wconf 85' lang='lat' dir='ltr'>Antipatri</span> 
     </span>
     <span class='ocr_line' id='line_1_25' title="bbox 193 2437 1308 2525; baseline -0.004 -20"><span class='ocrx_word' id='word_1_207' title='bbox 193 2437 221 2505; x_wconf 79' lang='lat' dir='ltr'>si</span> <span class='ocrx_word' id='word_1_208' title='bbox 242 2437 415 2525; x_wconf 86' lang='lat' dir='ltr'>quaeritur,</span> <span class='ocrx_word' id='word_1_209' title='bbox 452 2441 591 2507; x_wconf 85' lang='lat' dir='ltr'>maxime</span> <span class='ocrx_word' id='word_1_210' title='bbox 612 2444 675 2509; x_wconf 91' lang='lat' dir='ltr'>duo</span> <span class='ocrx_word' id='word_1_211' title='bbox 694 2442 750 2507; x_wconf 91' lang='lat' dir='ltr'>illa</span> <span class='ocrx_word' id='word_1_212' title='bbox 770 2439 910 2507; x_wconf 87' lang='lat' dir='ltr'>videnda</span> <span class='ocrx_word' id='word_1_213' title='bbox 930 2440 1020 2505; x_wconf 87' lang='lat' dir='ltr'>nobis</span> <span class='ocrx_word' id='word_1_214' title='bbox 1049 2445 1155 2521; x_wconf 87' lang='lat' dir='ltr'>erunt,</span> <span class='ocrx_word' id='word_1_215' title='bbox 1188 2455 1308 2501; x_wconf 81' lang='lat' dir='ltr'>verane</span> 
     </span>
     <span class='ocr_line' id='line_1_26' title="bbox 141 2522 1307 2610; baseline -0.002 -22"><span class='ocrx_word' id='word_1_216' title='bbox 141 2570 148 2588; x_wconf 75' lang='grc'><em>,</em></span> <span class='ocrx_word' id='word_1_217' title='bbox 194 2523 248 2587; x_wconf 91' lang='lat' dir='ltr'>ille</span> <span class='ocrx_word' id='word_1_218' title='bbox 269 2543 401 2589; x_wconf 86' lang='lat' dir='ltr'>narrare</span> <span class='ocrx_word' id='word_1_219' title='bbox 422 2532 454 2591; x_wconf 91' lang='lat' dir='ltr'>et</span> <span class='ocrx_word' id='word_1_220' title='bbox 476 2528 613 2610; x_wconf 91' lang='lat' dir='ltr'>potuerit</span> <span class='ocrx_word' id='word_1_221' title='bbox 634 2537 666 2594; x_wconf 87' lang='lat' dir='ltr'>et</span> <span class='ocrx_word' id='word_1_222' title='bbox 688 2528 831 2593; x_wconf 89' lang='lat' dir='ltr'>voluerit.</span> <span class='ocrx_word' id='word_1_223' title='bbox 862 2527 906 2590; x_wconf 86' lang='lat' dir='ltr'>Et</span> <span class='ocrx_word' id='word_1_224' title='bbox 921 2526 1025 2592; x_wconf 86' lang='lat' dir='ltr'>fontes</span> <span class='ocrx_word' id='word_1_225' title='bbox 1045 2523 1171 2606; x_wconf 86' lang='lat' dir='ltr'>quidem</span> <span class='ocrx_word' id='word_1_226' title='bbox 1194 2522 1307 2605; x_wconf 86' lang='lat' dir='ltr'>quibus</span> 
     </span>
     <span class='ocr_line' id='line_1_27' title="bbox 195 2607 1307 2696; baseline -0.002 -23"><span class='ocrx_word' id='word_1_227' title='bbox 195 2614 335 2675; x_wconf 87' lang='lat' dir='ltr'>uteretur</span> <span class='ocrx_word' id='word_1_228' title='bbox 364 2610 417 2678; x_wconf 93' lang='lat' dir='ltr'>illo</span> <span class='ocrx_word' id='word_1_229' title='bbox 448 2620 590 2696; x_wconf 89' lang='lat' dir='ltr'>tempore</span> <span class='ocrx_word' id='word_1_230' title='bbox 626 2615 789 2680; x_wconf 86' lang='lat' dir='ltr'>etiamtum</span> <span class='ocrx_word' id='word_1_231' title='bbox 816 2613 954 2677; x_wconf 89' lang='lat' dir='ltr'>habebat</span> <span class='ocrx_word' id='word_1_232' title='bbox 982 2611 1135 2695; x_wconf 87' lang='lat' dir='ltr'>optimos,</span> <span class='ocrx_word' id='word_1_233' title='bbox 1177 2608 1204 2674; x_wconf 93' lang='lat' dir='ltr'>si</span> <span class='ocrx_word' id='word_1_234' title='bbox 1239 2607 1307 2689; x_wconf 89' lang='lat' dir='ltr'>qui-</span> 
     </span>
     <span class='ocr_line' id='line_1_28' title="bbox 196 2692 1307 2783; baseline -0.005 -22"><span class='ocrx_word' id='word_1_235' title='bbox 196 2694 269 2761; x_wconf 88' lang='lat' dir='ltr'>dem</span> <span class='ocrx_word' id='word_1_236' title='bbox 298 2697 414 2762; x_wconf 86' lang='lat' dir='ltr'>summi</span> <span class='ocrx_word' id='word_1_237' title='bbox 445 2698 519 2777; x_wconf 83' lang='lat' dir='ltr'>viri,</span> <span class='ocrx_word' id='word_1_238' title='bbox 553 2700 607 2781; x_wconf 88' lang='lat' dir='ltr'>qui</span> <span class='ocrx_word' id='word_1_239' title='bbox 637 2699 699 2783; x_wconf 89' lang='lat' dir='ltr'>ipsi</span> <span class='ocrx_word' id='word_1_240' title='bbox 731 2700 815 2766; x_wconf 87' lang='lat' dir='ltr'>bello</span> <span class='ocrx_word' id='word_1_241' title='bbox 847 2696 1075 2781; x_wconf 86' lang='lat' dir='ltr'>interfuissent,</span> <span class='ocrx_word' id='word_1_242' title='bbox 1108 2695 1175 2760; x_wconf 89' lang='lat' dir='ltr'>eius</span> <span class='ocrx_word' id='word_1_243' title='bbox 1209 2692 1307 2759; x_wconf 90' lang='lat' dir='ltr'>histo·</span> 
     </span>
     <span class='ocr_line' id='line_1_29' title="bbox 135 2778 1307 2869; baseline 0 -27"><span class='ocrx_word' id='word_1_244' title='bbox 135 2853 137 2857; x_wconf 21' lang='lat'><strong><em>¹</em></strong></span> <span class='ocrx_word' id='word_1_245' title='bbox 195 2778 276 2843; x_wconf 88' lang='lat' dir='ltr'>riam</span> <span class='ocrx_word' id='word_1_246' title='bbox 309 2780 502 2865; x_wconf 79' lang='lat' dir='ltr'>scripserant</span> <span class='ocrx_word' id='word_1_247' title='bbox 536 2792 567 2850; x_wconf 92' lang='lat' dir='ltr'>et</span> <span class='ocrx_word' id='word_1_248' title='bbox 600 2786 704 2869; x_wconf 89' lang='lat' dir='ltr'>ipsum</span> <span class='ocrx_word' id='word_1_249' title='bbox 736 2806 800 2852; x_wconf 90' lang='lat' dir='ltr'>non</span> <span class='ocrx_word' id='word_1_250' title='bbox 834 2783 879 2847; x_wconf 88' lang='lat' dir='ltr'>ita</span> <span class='ocrx_word' id='word_1_251' title='bbox 903 2784 1038 2847; x_wconf 92' lang='lat' dir='ltr'>multum</span> <span class='ocrx_word' id='word_1_252' title='bbox 1072 2788 1146 2845; x_wconf 92' lang='lat' dir='ltr'>ante</span> <span class='ocrx_word' id='word_1_253' title='bbox 1181 2785 1307 2861; x_wconf 84' lang='lat' dir='ltr'>gestum</span> 
     </span>
     <span class='ocr_line' id='line_1_30' title="bbox 196 2864 1308 2952; baseline -0.001 -24"><span class='ocrx_word' id='word_1_254' title='bbox 196 2871 279 2946; x_wconf 89' lang='lat' dir='ltr'>erat,</span> <span class='ocrx_word' id='word_1_255' title='bbox 313 2872 359 2951; x_wconf 88' lang='lat' dir='ltr'>nt,</span> <span class='ocrx_word' id='word_1_256' title='bbox 395 2867 519 2936; x_wconf 89' lang='lat' dir='ltr'>etiamsi</span> <span class='ocrx_word' id='word_1_257' title='bbox 548 2871 663 2937; x_wconf 88' lang='lat' dir='ltr'>ooulati</span> <span class='ocrx_word' id='word_1_258' title='bbox 694 2890 773 2952; x_wconf 90' lang='lat' dir='ltr'>quos</span> <span class='ocrx_word' id='word_1_259' title='bbox 801 2870 943 2935; x_wconf 85' lang='lat' dir='ltr'>voearim</span> <span class='ocrx_word' id='word_1_260' title='bbox 965 2875 1062 2935; x_wconf 89' lang='lat' dir='ltr'>testes</span> <span class='ocrx_word' id='word_1_261' title='bbox 1084 2887 1148 2931; x_wconf 90' lang='lat' dir='ltr'>non</span> <span class='ocrx_word' id='word_1_262' title='bbox 1176 2865 1241 2929; x_wconf 91' lang='lat' dir='ltr'>iam</span> <span class='ocrx_word' id='word_1_263' title='bbox 1263 2864 1308 2928; x_wconf 88' lang='lat' dir='ltr'>vi-</span> 
     </span>
     <span class='ocr_line' id='line_1_31' title="bbox 196 2950 1308 3039; baseline -0.001 -25"><span class='ocrx_word' id='word_1_264' title='bbox 196 2957 321 3031; x_wconf 85' lang='lat' dir='ltr'>verent,</span> <span class='ocrx_word' id='word_1_265' title='bbox 349 2958 457 3019; x_wconf 89' lang='lat' dir='ltr'>tamen</span> <span class='ocrx_word' id='word_1_266' title='bbox 480 2977 544 3021; x_wconf 91' lang='lat' dir='ltr'>non</span> <span class='ocrx_word' id='word_1_267' title='bbox 564 2964 651 3022; x_wconf 84' lang='lat' dir='ltr'>serta</span> <span class='ocrx_word' id='word_1_268' title='bbox 671 2956 832 3039; x_wconf 83' lang='lat' dir='ltr'>quaedam</span> <span class='ocrx_word' id='word_1_269' title='bbox 859 2955 900 3020; x_wconf 88' lang='lat' dir='ltr'>de</span> <span class='ocrx_word' id='word_1_270' title='bbox 928 2974 966 3019; x_wconf 92' lang='lat' dir='ltr'>eo</span> <span class='ocrx_word' id='word_1_271' title='bbox 996 2952 1088 3037; x_wconf 90' lang='lat' dir='ltr'>quasi</span> <span class='ocrx_word' id='word_1_272' title='bbox 1114 2950 1308 3017; x_wconf 85' lang='lat' dir='ltr'>oonsoientia</span> 
     </span>
     <span class='ocr_line' id='line_1_32' title="bbox 198 3037 1307 3128; baseline -0.002 -28"><span class='ocrx_word' id='word_1_273' title='bbox 198 3055 236 3100; x_wconf 86' lang='lat' dir='ltr'>ao</span> <span class='ocrx_word' id='word_1_274' title='bbox 270 3037 382 3102; x_wconf 89' lang='lat' dir='ltr'>notitia</span> <span class='ocrx_word' id='word_1_275' title='bbox 408 3040 491 3107; x_wconf 87' lang='lat' dir='ltr'>inter</span> <span class='ocrx_word' id='word_1_276' title='bbox 523 3063 633 3111; x_wconf 90' lang='lat' dir='ltr'>omnes</span> <span class='ocrx_word' id='word_1_277' title='bbox 669 3049 851 3128; x_wconf 84' lang='lat' dir='ltr'>propagata</span> <span class='ocrx_word' id='word_1_278' title='bbox 874 3042 978 3108; x_wconf 84' lang='lat' dir='ltr'>esset.</span> <span class='ocrx_word' id='word_1_279' title='bbox 1029 3042 1199 3104; x_wconf 88' lang='lat' dir='ltr'>Praeterea</span> <span class='ocrx_word' id='word_1_280' title='bbox 1236 3055 1307 3102; x_wconf 88' lang='lat' dir='ltr'>eum</span> 
     </span>
     <span class='ocr_line' id='line_1_33' title="bbox 197 3121 1306 3213; baseline -0.004 -24"><span class='ocrx_word' id='word_1_281' title='bbox 197 3121 299 3189; x_wconf 89' lang='lat' dir='ltr'>Laelii</span> <span class='ocrx_word' id='word_1_282' title='bbox 332 3144 369 3189; x_wconf 87' lang='lat' dir='ltr'>ao</span> <span class='ocrx_word' id='word_1_283' title='bbox 399 3126 534 3195; x_wconf 82' lang='lat' dir='ltr'>fortasse</span> <span class='ocrx_word' id='word_1_284' title='bbox 564 3130 658 3195; x_wconf 89' lang='lat' dir='ltr'>etiam</span> <span class='ocrx_word' id='word_1_285' title='bbox 689 3127 847 3213; x_wconf 81' lang='lat' dir='ltr'>Scipionis</span> <span class='ocrx_word' id='word_1_286' title='bbox 890 3123 1118 3191; x_wconf 75' lang='lat' dir='ltr'>consuetudine</span> <span class='ocrx_word' id='word_1_287' title='bbox 1160 3128 1306 3203; x_wconf 88' lang='lat' dir='ltr'>uteretur,</span> 
     </span>
     <span class='ocr_line' id='line_1_34' title="bbox 197 3207 1311 3297; baseline -0.001 -26"><span class='ocrx_word' id='word_1_288' title='bbox 197 3226 292 3289; x_wconf 87' lang='lat' dir='ltr'>quem</span> <span class='ocrx_word' id='word_1_289' title='bbox 321 3207 395 3275; x_wconf 91' lang='lat' dir='ltr'>inde</span> <span class='ocrx_word' id='word_1_290' title='bbox 422 3214 465 3278; x_wconf 87' lang='lat' dir='ltr'>ad</span> <span class='ocrx_word' id='word_1_291' title='bbox 491 3214 614 3280; x_wconf 90' lang='lat' dir='ltr'>illorum</span> <span class='ocrx_word' id='word_1_292' title='bbox 644 3222 823 3297; x_wconf 89' lang='lat' dir='ltr'>temporum</span> <span class='ocrx_word' id='word_1_293' title='bbox 850 3210 995 3276; x_wconf 84' lang='lat' dir='ltr'>notitiam</span> <span class='ocrx_word' id='word_1_294' title='bbox 1027 3211 1164 3275; x_wconf 87' lang='lat' dir='ltr'>fruetum</span> <span class='ocrx_word' id='word_1_295' title='bbox 1195 3225 1311 3290; x_wconf 86' lang='lat' dir='ltr'>eapere</span> 
     </span>
     <span class='ocr_line' id='line_1_35' title="bbox 197 3292 1312 3383; baseline 0.001 -27"><span class='ocrx_word' id='word_1_296' title='bbox 197 3294 349 3380; x_wconf 87' lang='lat' dir='ltr'>potuerit,</span> <span class='ocrx_word' id='word_1_297' title='bbox 380 3297 449 3377; x_wconf 85' lang='lat' dir='ltr'>quis</span> <span class='ocrx_word' id='word_1_298' title='bbox 476 3306 524 3365; x_wconf 83' lang='lat' dir='ltr'>est</span> <span class='ocrx_word' id='word_1_299' title='bbox 551 3301 627 3383; x_wconf 92' lang='lat' dir='ltr'>quin</span> <span class='ocrx_word' id='word_1_300' title='bbox 657 3300 764 3367; x_wconf 87' lang='lat' dir='ltr'>statim</span> <span class='ocrx_word' id='word_1_301' title='bbox 787 3299 966 3381; x_wconf 80' lang='lat' dir='ltr'>agnoscat?</span> <span class='ocrx_word' id='word_1_302' title='bbox 1011 3294 1136 3375; x_wconf 58' lang='lat' dir='ltr'>tabiit)</span> <span class='ocrx_word' id='word_1_303' title='bbox 1162 3292 1261 3376; x_wconf 79' lang='lat' dir='ltr'>igitur·</span> <span class='ocrx_word' id='word_1_304' title='bbox 1280 3299 1312 3357; x_wconf 92' lang='lat' dir='ltr'>et</span> 
     </span>
    </p>
   </div>
   <div class='ocr_carea' id='block_1_5' title="bbox 162 3516 1313 3658">
    <p class='ocr_par' dir='ltr' id='par_1_6' title="bbox 162 3516 1313 3658">
     <span class='ocr_line' id='line_1_36' title="bbox 162 3516 1313 3593; baseline -0.007 -17"><span class='ocrx_word' id='word_1_305' title='bbox 162 3532 164 3535; x_wconf 82' lang='lat'>&#39;</span> <span class='ocrx_word' id='word_1_306' title='bbox 268 3518 287 3585; x_wconf 82' lang='lat'>¹)</span> <span class='ocrx_word' id='word_1_307' title='bbox 310 3518 503 3573; x_wconf 71' lang='lat' dir='ltr'>sisnande</span> <span class='ocrx_word' id='word_1_308' title='bbox 523 3518 642 3589; x_wconf 85' lang='lat' dir='ltr'>Closset,</span> <span class='ocrx_word' id='word_1_309' title='bbox 675 3540 702 3593; x_wconf 85' lang='lat' dir='ltr'>g.</span> <span class='ocrx_word' id='word_1_310' title='bbox 722 3522 787 3576; x_wconf 83' lang='lat'>499:</span> <span class='ocrx_word' id='word_1_311' title='bbox 811 3520 892 3576; x_wconf 85' lang='lat' dir='ltr'>Nous</span> <span class='ocrx_word' id='word_1_312' title='bbox 916 3535 1001 3573; x_wconf 86' lang='lat' dir='ltr'>avons</span> <span class='ocrx_word' id='word_1_313' title='bbox 1023 3535 1061 3571; x_wconf 89' lang='lat' dir='ltr'>ru</span> <span class='ocrx_word' id='word_1_314' title='bbox 1084 3534 1130 3571; x_wconf 84' lang='lat' dir='ltr'>ees</span> <span class='ocrx_word' id='word_1_315' title='bbox 1154 3516 1313 3585; x_wconf 79' lang='lat' dir='ltr'>haranguea</span> 
     </span>
     <span class='ocr_line' id='line_1_37' title="bbox 200 3584 1225 3658; baseline -0.004 -17"><span class='ocrx_word' id='word_1_316' title='bbox 200 3584 330 3657; x_wconf 87' lang='lat' dir='ltr'>(fietives)</span> <span class='ocrx_word' id='word_1_317' title='bbox 349 3586 479 3658; x_wconf 72' lang='lat' dir='ltr'>penetret</span> <span class='ocrx_word' id='word_1_318' title='bbox 497 3586 563 3641; x_wconf 85' lang='lat' dir='ltr'>ehez</span> <span class='ocrx_word' id='word_1_319' title='bbox 581 3589 620 3643; x_wconf 89' lang='lat' dir='ltr'>les</span> <span class='ocrx_word' id='word_1_320' title='bbox 664 3591 770 3645; x_wconf 87' lang='lat' dir='ltr'>omains</span> <span class='ocrx_word' id='word_1_321' title='bbox 788 3606 854 3643; x_wconf 88' lang='lat' dir='ltr'>aveo</span> <span class='ocrx_word' id='word_1_322' title='bbox 873 3587 983 3642; x_wconf 86' lang='lat' dir='ltr'>Coelius</span> <span class='ocrx_word' id='word_1_323' title='bbox 1000 3586 1157 3657; x_wconf 84' lang='lat' dir='ltr'>Antipater,</span> <span class='ocrx_word' id='word_1_324' title='bbox 1173 3589 1225 3637; x_wconf 84' lang='lat' dir='ltr'>eto.</span> 
     </span>
    </p>
   </div>
   <div class='ocr_carea' id='block_1_6' title="bbox 198 3682 1316 4233">
    <p class='ocr_par' dir='ltr' id='par_1_7' title="bbox 198 3682 1316 4233">
     <span class='ocr_line' id='line_1_38' title="bbox 269 3682 1313 3761; baseline -0.01 -16"><span class='ocrx_word' id='word_1_325' title='bbox 269 3692 289 3757; x_wconf 85' lang='lat'>²)</span> <span class='ocrx_word' id='word_1_326' title='bbox 322 3689 376 3744; x_wconf 87' lang='lat' dir='ltr'>Sed</span> <span class='ocrx_word' id='word_1_327' title='bbox 398 3689 500 3744; x_wconf 88' lang='lat' dir='ltr'>iniuria</span> <span class='ocrx_word' id='word_1_328' title='bbox 517 3690 612 3745; x_wconf 84' lang='lat' dir='ltr'>Nauta</span> <span class='ocrx_word' id='word_1_329' title='bbox 637 3690 745 3761; x_wconf 83' lang='lat' dir='ltr'>pg.16.</span> <span class='ocrx_word' id='word_1_330' title='bbox 774 3695 823 3743; x_wconf 77' lang='lat' dir='ltr'>tan</span> <span class='ocrx_word' id='word_1_331' title='bbox 842 3705 908 3742; x_wconf 91' lang='lat' dir='ltr'>uam</span> <span class='ocrx_word' id='word_1_332' title='bbox 936 3688 995 3741; x_wconf 88' lang='lat' dir='ltr'>eius</span> <span class='ocrx_word' id='word_1_333' title='bbox 1020 3686 1061 3742; x_wconf 89' lang='lat' dir='ltr'>rei</span> <span class='ocrx_word' id='word_1_334' title='bbox 1081 3682 1268 3740; x_wconf 88' lang='lat' dir='ltr'>testimonium</span> <span class='ocrx_word' id='word_1_335' title='bbox 1297 3698 1313 3735; x_wconf 91' lang='lat' dir='ltr'>e</span> 
     </span>
     <span class='ocr_line' id='line_1_39' title="bbox 200 3749 1314 3837; baseline -0.013 -24"><span class='ocrx_word' id='word_1_336' title='bbox 200 3758 315 3828; x_wconf 86' lang='lat' dir='ltr'>Dionys.</span> <span class='ocrx_word' id='word_1_337' title='bbox 334 3758 398 3813; x_wconf 88' lang='lat' dir='ltr'>Hal.</span> <span class='ocrx_word' id='word_1_338' title='bbox 420 3758 455 3813; x_wconf 90' lang='lat' dir='ltr'>A.</span> <span class='ocrx_word' id='word_1_339' title='bbox 468 3759 501 3813; x_wconf 85' lang='lat' dir='ltr'>R..</span> <span class='ocrx_word' id='word_1_340' title='bbox 521 3758 833 3831; x_wconf 73' lang='lat' dir='ltr'>1‚79.pr0posuaver</span> <span class='ocrx_word' id='word_1_341' title='bbox 853 3775 870 3810; x_wconf 85' lang='lat' dir='ltr'>a</span> <span class='ocrx_word' id='word_1_342' title='bbox 887 3756 968 3810; x_wconf 86' lang='lat' dir='ltr'>haee:</span> <span class='ocrx_word' id='word_1_343' title='bbox 988 3797 1003 3825; x_wconf 90' lang='lat'>„</span> <span class='ocrx_word' id='word_1_344' title='bbox 1021 3797 1027 3806; x_wconf 92' lang='lat'>.</span> <span class='ocrx_word' id='word_1_345' title='bbox 1048 3796 1053 3808; x_wconf 94' lang='lat'>.</span> <span class='ocrx_word' id='word_1_346' title='bbox 1073 3758 1118 3837; x_wconf 65' lang='lat' dir='ltr'>(po</span> <span class='ocrx_word' id='word_1_347' title='bbox 1138 3752 1196 3822; x_wconf 77' lang='grc' dir='ltr'>περὶ</span> <span class='ocrx_word' id='word_1_348' title='bbox 1214 3750 1241 3835; x_wconf 56' lang='lat' dir='ltr'>it</span> <span class='ocrx_word' id='word_1_349' title='bbox 1262 3749 1314 3831; x_wconf 56' lang='lat' dir='ltr'>suiv</span> 
     </span>
     <span class='ocr_line' id='line_1_40' title="bbox 198 3820 1314 3899; baseline -0.016 -13"><span class='ocrx_word' id='word_1_350' title='bbox 198 3830 225 3877; x_wconf 61' lang='lat'>2⁸</span> <span class='ocrx_word' id='word_1_351' title='bbox 242 3828 287 3893; x_wconf 66' lang='grc' dir='ltr'>τῆς</span> <span class='ocrx_word' id='word_1_352' title='bbox 303 3826 381 3883; x_wconf 67' lang='grc' dir='ltr'><strong><em>Ἰλίας</em></strong></span> <span class='ocrx_word' id='word_1_353' title='bbox 396 3829 552 3897; x_wconf 65' lang='grc' dir='ltr'>γενομένων)</span> <span class='ocrx_word' id='word_1_354' title='bbox 571 3823 747 3894; x_wconf 41' lang='grc' dir='ltr'><strong><em>Κόιποςνμὲν</em></strong></span> <span class='ocrx_word' id='word_1_355' title='bbox 763 3824 863 3891; x_wconf 77' lang='grc' dir='ltr'><strong><em>Φάβιος</em></strong></span> <span class='ocrx_word' id='word_1_356' title='bbox 880 3822 895 3874; x_wconf 78' lang='grc' dir='ltr'><strong>ὅ</strong></span> <span class='ocrx_word' id='word_1_357' title='bbox 914 3825 1021 3895; x_wconf 74' lang='grc' dir='ltr'><strong><em>Πίκτωρ</em></strong></span> <span class='ocrx_word' id='word_1_358' title='bbox 1039 3827 1185 3891; x_wconf 63' lang='lat' dir='ltr'>hyopam,</span> <span class='ocrx_word' id='word_1_359' title='bbox 1211 3820 1314 3899; x_wconf 62' lang='lat' dir='ltr'>ardeu-</span> 
     </span>
     <span class='ocr_line' id='line_1_41' title="bbox 201 3888 1315 3971; baseline -0.007 -26"><span class='ocrx_word' id='word_1_360' title='bbox 201 3891 257 3953; x_wconf 75' lang='grc' dir='ltr'>κιός</span> <span class='ocrx_word' id='word_1_361' title='bbox 279 3915 306 3947; x_wconf 81' lang='grc' dir='ltr'>τε</span> <span class='ocrx_word' id='word_1_362' title='bbox 324 3897 433 3963; x_wconf 77' lang='grc' dir='ltr'><strong><em>Κίγκιος</em></strong></span> <span class='ocrx_word' id='word_1_363' title='bbox 458 3898 501 3947; x_wconf 74' lang='grc' dir='ltr'>καὶ</span> <span class='ocrx_word' id='word_1_364' title='bbox 524 3891 623 3949; x_wconf 81' lang='grc' dir='ltr'><strong><em>Κοῖτων</em></strong></span> <span class='ocrx_word' id='word_1_365' title='bbox 646 3891 766 3963; x_wconf 80' lang='grc' dir='ltr'><strong><em>Πόρκιος</em></strong></span> <span class='ocrx_word' id='word_1_366' title='bbox 786 3895 832 3944; x_wconf 80' lang='grc' dir='ltr'>καί</span> <span class='ocrx_word' id='word_1_367' title='bbox 857 3893 959 3944; x_wconf 75' lang='grc' dir='ltr'><strong><em>Πείσων</em></strong></span> <span class='ocrx_word' id='word_1_368' title='bbox 983 3890 1172 3971; x_wconf 56' lang='grc' dir='ltr'><strong><em>Καλπούρνιος</em></strong></span> <span class='ocrx_word' id='word_1_369' title='bbox 1193 3888 1240 3938; x_wconf 75' lang='grc' dir='ltr'>καὶ</span> <span class='ocrx_word' id='word_1_370' title='bbox 1261 3904 1315 3970; x_wconf 52' lang='grc' dir='ltr'>τον</span> 
     </span>
     <span class='ocr_line' id='line_1_42' title="bbox 198 3960 1316 4049; baseline -0.004 -35"><span class='ocrx_word' id='word_1_371' title='bbox 198 3961 285 4015; x_wconf 72' lang='grc' dir='ltr'><strong><em>ἄλλον</em></strong></span> <span class='ocrx_word' id='word_1_372' title='bbox 304 3966 470 4049; x_wconf 64' lang='grc' dir='ltr'><strong><em>ουγῖροφίον</em></strong></span> <span class='ocrx_word' id='word_1_373' title='bbox 488 3967 515 4015; x_wconf 84' lang='grc' dir='ltr'>οἱ</span> <span class='ocrx_word' id='word_1_374' title='bbox 537 3967 641 4046; x_wconf 71' lang='grc' dir='ltr'><strong><em>πλείους</em></strong></span> <span class='ocrx_word' id='word_1_375' title='bbox 660 3960 863 4045; x_wconf 60' lang='lat' dir='ltr'>iuniori-tipum,</span> <span class='ocrx_word' id='word_1_376' title='bbox 884 3961 946 4043; x_wconf 61' lang='grc' dir='ltr'>τῇδε</span> <span class='ocrx_word' id='word_1_377' title='bbox 964 3960 1058 4032; x_wconf 67' lang='grc' dir='ltr'>γράφει</span> <span class='ocrx_word' id='word_1_378' title='bbox 1076 3966 1140 4041; x_wconf 63' lang='lat' dir='ltr'>ete,</span> <span class='ocrx_word' id='word_1_379' title='bbox 1160 3962 1234 4011; x_wconf 80' lang='lat' dir='ltr'>mter</span> <span class='ocrx_word' id='word_1_380' title='bbox 1249 3972 1316 4035; x_wconf 65' lang='lat' dir='ltr'>voye</span> 
     </span>
     <span class='ocr_line' id='line_1_43' title="bbox 201 4023 1315 4109; baseline -0.013 -19"><span class='ocrx_word' id='word_1_381' title='bbox 201 4033 306 4089; x_wconf 68' lang='grc' dir='ltr'><strong><em>πλείους</em></strong></span> <span class='ocrx_word' id='word_1_382' title='bbox 325 4052 377 4083; x_wconf 76' lang='grc' dir='ltr'>των</span> <span class='ocrx_word' id='word_1_383' title='bbox 394 4034 450 4085; x_wconf 78' lang='grc' dir='ltr'>αλλ,</span> <span class='ocrx_word' id='word_1_384' title='bbox 466 4050 554 4100; x_wconf 66' lang='lat' dir='ltr'>coyro.</span> <span class='ocrx_word' id='word_1_385' title='bbox 574 4040 657 4088; x_wconf 80' lang='lat' dir='ltr'>etiam</span> <span class='ocrx_word' id='word_1_386' title='bbox 676 4031 801 4086; x_wconf 84' lang='lat' dir='ltr'>Coehum</span> <span class='ocrx_word' id='word_1_387' title='bbox 822 4030 919 4083; x_wconf 76' lang='lat' dir='ltr'>referri</span> <span class='ocrx_word' id='word_1_388' title='bbox 936 4048 1017 4101; x_wconf 85' lang='lat' dir='ltr'>posse</span> <span class='ocrx_word' id='word_1_389' title='bbox 1038 4032 1206 4109; x_wconf 56' lang='lat' dir='ltr'>suspicatum</span> <span class='ocrx_word' id='word_1_390' title='bbox 1230 4054 1263 4064; x_wconf 94' lang='lat'><em>-</em></span> <span class='ocrx_word' id='word_1_391' title='bbox 1284 4023 1315 4075; x_wconf 83' lang='lat' dir='ltr'>ud</span> 
     </span>
     <span class='ocr_line' id='line_1_44' title="bbox 200 4091 1316 4233; baseline -0.007 -81"><span class='ocrx_word' id='word_1_392' title='bbox 200 4101 275 4233; x_wconf 60' lang='lat' dir='ltr'>fflmd</span> <span class='ocrx_word' id='word_1_393' title='bbox 292 4100 440 4155; x_wconf 84' lang='lat' dir='ltr'>diuendum</span> <span class='ocrx_word' id='word_1_394' title='bbox 458 4102 553 4171; x_wconf 90' lang='lat' dir='ltr'>potius</span> <span class='ocrx_word' id='word_1_395' title='bbox 571 4107 630 4156; x_wconf 89' lang='lat' dir='ltr'>erat</span> <span class='ocrx_word' id='word_1_396' title='bbox 648 4102 682 4155; x_wconf 88' lang='lat' dir='ltr'>de</span> <span class='ocrx_word' id='word_1_397' title='bbox 700 4101 738 4155; x_wconf 91' lang='lat' dir='ltr'>eis</span> <span class='ocrx_word' id='word_1_398' title='bbox 757 4116 829 4170; x_wconf 84' lang='lat' dir='ltr'>quae</span> <span class='ocrx_word' id='word_1_399' title='bbox 846 4099 977 4170; x_wconf 81' lang='lat' dir='ltr'>leguntur</span> <span class='ocrx_word' id='word_1_400' title='bbox 993 4115 1037 4168; x_wconf 89' lang='lat' dir='ltr'>ap.</span> <span class='ocrx_word' id='word_1_401' title='bbox 1053 4096 1110 4151; x_wconf 86' lang='lat' dir='ltr'>Cre.</span> <span class='ocrx_word' id='word_1_402' title='bbox 1125 4096 1160 4148; x_wconf 89' lang='lat' dir='ltr'>de</span> <span class='ocrx_word' id='word_1_403' title='bbox 1175 4094 1230 4147; x_wconf 79' lang='lat' dir='ltr'>div.</span> <span class='ocrx_word' id='word_1_404' title='bbox 1246 4092 1269 4159; x_wconf 87' lang='lat' dir='ltr'>I,</span> <span class='ocrx_word' id='word_1_405' title='bbox 1280 4091 1316 4144; x_wconf 71' lang='lat'>26</span> 
     </span>
    </p>
   </div>
   <div class='ocr_carea' id='block_1_7' title="bbox 238 4169 379 4237">
    <p class='ocr_par' dir='ltr' id='par_1_8' title="bbox 238 4169 379 4237">
     <span class='ocr_line' id='line_1_45' title="bbox 238 4169 379 4237; baseline 0.014 -18"><span class='ocrx_word' id='word_1_406' title='bbox 238 4182 310 4237; x_wconf 80' lang='lat' dir='ltr'>agm.</span> <span class='ocrx_word' id='word_1_407' title='bbox 328 4169 379 4235; x_wconf 79' lang='lat'><strong>44).</strong></span> 
     </span>
    </p>
   </div>
   <div class='ocr_carea' id='block_1_8' title="bbox 0 0 1456 4650">
    <p class='ocr_par' dir='ltr' id='par_1_9' title="bbox 0 0 1456 4650">
     <span class='ocr_line' id='line_1_46' title="bbox 0 0 1456 4650; baseline 0 0"><span class='ocrx_word' id='word_1_408' title='bbox 0 0 1456 4650; x_wconf 95' lang='lat' dir='ltr'> </span> 
     </span>
    </p>
   </div>
  </div>
 </body>
</html>
