2867 4650
643 249 685 314 13

96 402 114 462 ·¹
152 413 331 490 {Obelisci
353 407 460 500 operis
487 435 569 498 quae
589 417 750 502 inscriptio
771 413 873 500 tuerit,
903 402 1107 483 nuncetiam·
1128 407 1214 478 certc'

107 501 257 581 cognosci
285 519 381 584 posse
415 507 479 566 uon
502 502 610 586 oredo,
664 504 772 584 itaque
798 500 976 585 probabilia
1003 496 1223 564 tantummodo

104 600 295 667 componere
317 587 459 652 sufficiat.
483 587 695 674 „Annalium“
715 598 747 653 et
764 584 1013 674 „hist0riarum“·
1033 583 1218 662 vocabulcq

104 672 182 735 satis
204 677 328 735 constat
340 671 564 755 posterioribus
586 674 781 756 antiquitatis
793 672 986 754 temporibus
999 668 1095 755 plane
1108 669 1220 734 eadem

103 755 332 837 significatione
353 763 506 841 usurpata
524 758 660 842 ideoque
682 757 868 842 saepissime
887 756 969 821 inter
988 774 1023 821 se
1042 770 1113 820 esse
1134 760 1218 819 com·

106 847 244 925 mutata3
267 843 341 922 quin
361 841 437 928 ipsis
459 843 621 910 Ciceronis
640 845 835 928 temporibus
860 861 899 906 ea
920 840 1062 908 confusio
1086 837 1223 905 iamin

105 925 238 996 venitur.
284 933 453 992 Attamen
476 930 516 993 ab
537 930 624 994 initio
647 930 766 1012 aliquid
786 930 867 992 inter
887 935 1054 1008 utrumque
1074 924 1222 990 interfue-

105 1011 273 1091 titulique
294 1021 426 1096 oportet,
446 1022 478 1078 et
496 1015 555 1080 hoc
574 1015 701 1096 quidem
730 1016 769 1080 de
790 1033 864 1077 mea
886 1011 1041 1077 sententia
1068 1008 1217 1087 interfuit,
1241 1045 1243 1049 ·

105 1096 140 1160 it
158 1098 288 1162 annales
309 1108 497 1164 vocarentur
518 1099 616 1184 opera
638 1121 684 1186 ea,
703 1100 815 1182 quibus
837 1097 1020 1182 simpliciter
1040 1116 1091 1161 res
1112 1102 1223 1180 gestae

103 1181 272 1247 observato
294 1184 445 1266 cuiusque
467 1185 542 1249 anni
563 1186 673 1251 ordine
693 1185 843 1269 deinceps
861 1187 1141 1267 componerentur,
1177 1178 1223 1244 hi·

112 1267 280 1332 stcriarum
309 1270 497 1334 vocabulum
520 1273 691 1356 pertineret
712 1272 755 1336 ad
782 1290 886 1336 rerum
907 1268 1150 1353 explicationem
1170 1263 1224 1330 uel

106 1351 419 1436 demonstrationem,
439 1373 502 1436 qua
524 1375 633 1422 earum
655 1375 757 1422 nexus
772 1363 804 1422 et
817 1362 976 1420 causaeet
996 1372 1057 1435 quo
1077 1369 1223 1434 quaeque

105 1437 238 1501 consilio
266 1457 391 1519 quaque
419 1441 542 1506 ratione
561 1451 653 1526 gesta
673 1449 795 1526 essent,
818 1447 1051 1525 exponerentur
1080 1437 1131 1524 (cf,
1152 1453 1220 1500 ma‘-

106 1521 195 1586 xime
214 1522 292 1588 coll.
314 1525 350 1610 V,
371 1526 434 1607 18).
477 1525 619 1604 Quorum
654 1529 782 1609 quidem
814 1528 948 1592 alterum
983 1543 1054 1589 cum
1083 1521 1223 1585 maxime

105 1608 192 1692 apud
211 1610 439 1676 vetustissimos
461 1611 531 1677 illos
561 1613 743 1698 historicos,
773 1612 827 1694 qui
854 1612 895 1677 ab
926 1607 1151 1692 antiquissimis
1181 1601 1224 1683 ad

106 1711 165 1758 sua
186 1701 331 1778 tempora
345 1695 507 1762 historiam
531 1698 689 1764 deducere
709 1699 855 1782 solerent,
878 1695 996 1762 factum
1021 1691 1221 1777 inveniretur,

106 1779 239 1844 alterum
282 1781 369 1864 apud
412 1782 599 1849 recentiores
621 1787 744 1869 potius,
789 1783 843 1864 qui
873 1783 940 1847 fere
976 1799 1028 1847 res
1064 1796 1121 1844 suo
1143 1785 1221 1843 tem-

105 1880 185 1948 pore
227 1873 334 1948 gestas
376 1867 603 1933 describerent:
647 1870 707 1934 hoc
756 1887 882 1950 quoque
931 1869 1013 1931 iuter
1051 1883 1090 1928 ea
1129 1863 1224 1929 voch'·

110 1946 185 2015 hala
207 1951 376 2016 discrimen
401 1959 587 2038 statuerunt,
622 1995 675 2038 ··.
699 1971 794 2034 quam
808 1951 935 2033 quidem
947 1949 1136 2016 sententiam
1148 1949 1225 2015 Ver·

106 2035 171 2100 rias
196 2036 331 2101 Flaccus
354 2055 404 2120 ap.
424 2036 504 2102 Geli.
526 2039 546 2102 l.
569 2040 588 2102 l.
611 2039 794 2104 rettulit-
816 2046 851 2101 ut
873 2038 1004 2100 annales
1025 2035 1131 2100 dicere
1158 2035 1223 2100 vel-

106 2121 173 2185 lent
194 2139 298 2186 rerum
326 2132 400 2186 ante
425 2123 586 2207 scriptoris
614 2130 759 2208 tempora
788 2129 949 2206 gestarum
970 2121 1223 2204 descriptionem,

106 2207 254 2272 historias
275 2227 384 2272 earum
407 2227 486 2289 quas
508 2207 576 2292 ipse
597 2211 745 2291 vidisset,
769 2209 908 2289 itemque
936 2206 1094 2291 „primum
1124 2209 1223 2269 ann'a·

109 2293 156 2357 les
177 2291 283 2377 tuisse,
308 2303 380 2378 post
402 2293 548 2361 historias
570 2296 671 2361 t'actas
693 2297 783 2361 esse“
805 2293 895 2372 (Mar.
923 2291 1070 2358 Victoriu.
1092 2290 1134 2355 ad
1155 2290 1221 2382 (lici

105 2378 185 2443 thet.
217 2379 257 2442 de
291 2380 354 2445 inv,
387 2382 406 2445 l.
443 2382 479 2459 Ι.)
522 2380 725 2447 affirmarent.
749 2418 786 2429 -
811 2380 880 2444 Iam
923 2376 1023 2444 coelii
1065 2396 1145 2461 opus
1179 2378 1220 2440 ah

107 2460 194 2529 timui
229 2472 320 2547 parte
353 2465 396 2529 ad
437 2466 495 2531 hoe
539 2468 790 2549 „historiarum“,
833 2464 919 2546 quod
942 2462 1090 2538 dixerim,
1121 2477 1223 2545 genus

104 2550 305 2615 referendum
328 2570 399 2616 esse
417 2558 448 2617 et
469 2553 620 2635 ipsaque
641 2573 691 2618 res
714 2559 823 2635 gestas
844 2556 988 2617 narraret
1002 2547 1220 2613 ratione-de

108 2645 172 2715 qua
194 2636 321 2716 quidem
350 2636 434 2700 intra
454 2638 581 2703 uberius
604 2638 695 2703 nobis
717 2634 941 2720 exponendum
961 2633 1020 2698 erit
1040 2672 1091 2718 -,
1122 2642 1154 2697 et
1174 2650 1225 2696 ar-

109 2722 251 2803 gumenti
273 2722 359 2801 qnod
389 2724 590 2789 tractandum
620 2724 679 2788 sibi
710 2722 807 2807 elegit
834 2730 949 2786 natura
973 2759 1012 2768 -
1036 2726 1123 2799 (nam
1152 2717 1226 2783 licet

110 2806 272 2885 aliquanto
295 2812 368 2890 post
389 2808 507 2872 bellum
521 2808 675 2874 Punicum
698 2807 872 2873 secundum
891 2806 1017 2871 demum
1041 2800 1248 2885 viveretid·

110 2890 151 2953 ab
174 2891 241 2955 cius
263 2894 457 2974 temporibus
480 2914 542 2958 non
575 2892 656 2962 adeo
680 2901 836 2958 remotum
858 2892 931 2973 fuit,
952 2891 1072 2974 etipse
1100 2890 1134 2953 in
1163 2888 1225 2953 hoc

109 2975 249 3039 maxime
272 2994 292 3039 a
311 2977 524 3058 superioribus
546 2978 789 3061 distinguendus
811 2985 869 3059 est,
887 2975 974 3057 quod
983 2976 1104 3059 primus
1125 2974 1226 3039 omui:

109 3080 162 3127 um
186 3068 306 3125 eertum
328 3061 489 3142 quoddam
512 3064 662 3146 temporis
682 3063 834 3147 spatium,
857 3061 1094 3145 augustioribus
1111 3059 1226 3124 finibus

106 3144 262 3213 inclusum
283 3145 492 3231 desripseritb
522 3186 562 3195 -
597 3149 675 3213 satis
704 3154 814 3230 aperte
835 3147 1045 3213 confirmatur.
1087 3146 1225 3235 Pompo·

108 3232 179 3301 nius
200 3229 298 3314 igitur
320 3253 392 3299 oum
406 3233 509 3299 verbis
522 3232 581 3316 his,
604 3253 687 3316 quae
699 3234 764 3299 iam
777 3253 875 3316 supra
886 3232 1103 3301 laudavimus:
1126 3229 1227 3314 „Coe-

107 3317 169 3382 lius
192 3319 360 3401 Antipater
378 3320 432 3400 qni
454 3319 601 3385 historias
622 3319 836 3402 conscripsit‘,
859 3321 964 3403 ipsum
983 3318 1087 3402 operis
1100 3316 1226 3381 titulun

107 3402 248 3467 indicare
267 3406 408 3469 ‘voluisse
432 3404 614 3489 videatur,⁸)
635 3414 666 3469 et
682 3404 812 3482 Gellius,
826 3405 950 3486 Festus,
966 3402 1136 3489 Charisius,
1151 3404 1225 3469 Ser-¹

118 3513 320 3525 ψ...-

110 3585 343 3711 Mns¹)2Ei¹egie
366 3596 475 3659 praeter
499 3598 605 3649 ceteros
629 3594 664 3647 de
685 3593 818 3647 hocloco
841 3594 959 3659 egerunt
977 3587 1116 3656 Niebuhr,
1139 3586 1230 3644 rhein.

266 3657 345 3728 ahrg.
384 3676 411 3728 g.
431 3660 479 3711 284
497 3678 557 3741 sqq.
582 3662 691 3715 Krause
708 3663 726 3715 L
745 3661 762 3714 l.
779 3677 826 3730 pg.
849 3662 880 3711 12
898 3676 959 3728 sqq.
994 3656 1089 3724 Ubtoi,
1105 3656 1230 3714 charm-

111 3722 221 3780 terum
237 3724 288 3780 der
306 3676 421 3782 sulthen
437 3727 686 3800 Histoncgraphie,
703 3748 750 3801 pg.
768 3731 819 3782 aba
836 3744 895 3797 sqq.
1211 3777 1213 3780 ,
1216 3734 1228 3791 1

109 3830 114 3859 r
164 3811 208 3869 ·²l
226 3808 270 3863 ef.
289 3810 424 3879 Niebuhr,
442 3812 534 3869 Vortr.
553 3814 624 3868 iiber
639 3817 705 3867 rdm.
725 3813 826 3868 Geach.
847 3812 886 3880 11,
905 3828 953 3882 pg.
969 3810 1028 3863 ‘eod
1095 3840 1098 3846 ‚
1210 3825 1214 3834 ·

111 3913 124 3927 ··
181 3895 203 3956 ³)
222 3894 333 3949 Scilicet
357 3914 389 3950 ea
409 3896 476 3951 mihi
497 3898 681 3952 videturesse
700 3898 755 3952 loci
772 3897 923 3967 sententia,
954 3904 1060 3950 utnon
1074 3900 1132 3949 tam
1149 3891 1232 3948 intel·

115 3956 255 4029 legamus:
273 3965 409 4035 ,Coelius
427 3984 509 4037 quem
528 3967 563 4020 ob
574 3966 642 4020 iuris
662 3967 804 4021 scientiam
825 3967 878 4019 hoc
902 3967 963 4018 loco
986 3980 1124 4035 enumero,
1136 3962 1232 4017 etiam

109 4026 259 4109 historicus
277 4005 356 4105 iuid‘,
394 4050 474 4088 uam:
499 4035 560 4104 „hie
578 4042 620 4088 est
637 4034 749 4089 Coelius
772 4035 820 4091 ille
837 4033 1064 4103 iurisconsultus,
1091 4032 1139 4105 qui
1158 4031 1232 4103 idem

110 4098 268 4154 acuminat
287 4100 349 4156 illus
368 4145 383 4173 „
405 4102 531 4158 istorias“
548 4103 735 4177 conscripsit“.
1185 4120 1188 4125 “
