2867 4650
670 317 716 382 43

137 519 178 540 *—
196 485 410 556 coornatur.
438 483 482 550 Ut
498 484 584 550 enim
611 484 645 549 in
665 485 704 550 fr.
728 486 778 551 16.
805 490 960 565 tauquam
989 483 1157 550 inanimato
1183 484 1252 551 mut

135 570 192 655 rei,
213 577 366 652 quantum
387 569 564 636 arabonam
588 569 715 636 Coelius
735 570 936 655 amplificant
955 577 1052 651 atque
1074 587 1251 653 exaggera·

136 657 186 739 rit,
210 657 356 741 exemplo
377 655 467 720 iuxta
487 655 597 739 positis
620 655 751 722 Catonis
772 655 877 722 verbis
899 662 1009 739 aperte
1031 655 1189 741 videmus,
1219 662 1251 720 et

136 743 168 808 in
187 742 258 810 aliis
279 739 438 811 nonnullis
457 742 535 806 satis
558 741 665 807 vivido
688 761 761 807 eum
782 761 874 806 usum
896 761 968 806 esse
987 741 1165 806 invenimus
1178 759 1251 806 nar·

136 828 267 894 rationis
289 847 415 912 genem,
438 827 484 892 ita
505 835 658 908 quantum
680 847 720 892 ea
741 827 849 894 omnia
869 848 890 892 a
911 826 1071 894 Ciceronis
1090 825 1252 910 elegantia

135 920 168 979 et
190 914 330 980 maxime
351 933 483 980 numero
503 913 599 978 etiarn
621 913 727 978 absint
747 914 829 979 ultro
847 920 997 997 apparet,
1026 919 1059 977 et
1088 912 1121 976 in
1140 931 1251 977 narra-

137 999 343 1066 tionibusillis
356 1017 440 1081 quae
455 998 634 1066 aOieerone
645 1006 793 1065 servatae
805 1007 880 1065 sunt
896 999 957 1076 (aff.
966 998 1001 1064 fr.
1010 999 1117 1063 4243.
1127 998 1249 1081 44.4o)‚

123 1085 283 1168 ‚quamvis
306 1085 469 1166 aliquanto
490 1084 679 1170 immutatis,
700 1084 883 1151 etiamnunc
904 1083 1076 1150 Coelianae
1097 1082 1251 1167 dictionis,

138 1170 391 1256 simplicissimae
413 1171 497 1238 illius
518 1169 646 1252 quidem
661 1191 699 1236 ae
718 1173 849 1256 solutae,
873 1189 938 1252 qua
950 1190 1014 1237 non
1029 1175 1094 1234 tam
1107 1168 1252 1235 sibisuh·

138 1259 345 1340 iungerentur
366 1275 462 1338 qnam
479 1257 729 1340 adiungerentur
745 1256 922 1323 sententiae
937 1295 975 1303 -
997 1254 1098 1336 (unde
1118 1256 1253 1322 fortune

138 1342 316 1497 buitta
335 1343 492 1494 ‘stulu
514 1339 1253 1512 tlsrliultubuututu‘¹23

194 1477 202 1492 0
244 1479 251 1511 '
317 1475 327 1508 '
489 1479 496 1495 s
549 1481 554 1492 ι
648 1465 691 1476 ⁸-
1204 1482 1211 1495 ο

223 1513 352 1599 Quodsi,
373 1477 472 1596 quim
494 1521 565 1579 arta
586 1514 672 1598 apud
683 1515 848 1580 Romanos
869 1514 950 1579 inter
971 1512 1134 1579 historiam
1155 1520 1252 1593 atque

137 1599 349 1680 eloquentiam
369 1599 549 1666 coniunctio
571 1600 798 1678 intercesserit,
837 1599 916 1666 satis
938 1597 1102 1664 nobiscum
1128 1606 1253 1682 reputa-

99 1713 103 1722 ·
137 1684 243 1770 rimus,
266 1686 425 1752 neminem
447 1685 541 1751 eredo
563 1685 789 1770 dubitaturum,
809 1685 886 1768 quin
898 1685 948 1751 bic
963 1703 1090 1766 qnoque
1103 1683 1252 1751 historiae

136 1789 325 1855 progressus
348 1771 391 1836 ad
414 1771 613 1853 eloquentiae
634 1771 769 1837 similem
785 1772 945 1854 quendam
967 1776 1023 1836 aut
1043 1770 1155 1836 eodem
1171 1777 1250 1836 tam·

135 1875 214 1941 pore
235 1863 291 1926 aut
312 1858 408 1942 paulo
430 1865 505 1922 ante
535 1895 577 1908 -
609 1863 696 1936 (nam
720 1876 799 1923 sane
829 1857 908 1922 haec
929 1857 1017 1920 illam
1038 1857 1105 1924 fere
1124 1875 1251 1941 semper

136 1942 298 2023 aliquanto
321 1949 590 2026 mtegressaast)
612 1943 795 2008 —iactum
817 1942 1001 2009 referendus
1025 1943 1083 2026 sit;
1122 1948 1154 2008 et
1172 1961 1250 2009 vero

140 2028 320 2109 eloquentia
352 2067 395 2080 -
426 2032 466 2109 (u.
488 2027 551 2094 (lio.
573 2031 677 2104 Brut,
708 2029 827 2113 optime
845 2029 888 2095 iu.
909 2030 1003 2094 Tusa.
1025 2028 1059 2108 I,
1088 2029 1119 2106 3,
1140 2026 1176 2108 5)
1198 2068 1249 2107 -,

137 2135 158 2182 a
180 2113 337 2198 Scipione,
357 2113 485 2195 Laelio,
507 2114 574 2180 Ser.
597 2113 737 2198 Sulpicio
759 2114 864 2180 Galba
885 2113 1024 2179 maxime
1045 2113 1134 2178 initio
1152 2112 1248 2195 facto,

138 2199 253 2270 dando
278 2219 335 2284 per
356 2200 397 2266 Μ.
420 2199 588 2266 Aemilium
611 2199 784 2284 Lepidum,
815 2201 850 2266 G.
876 2198 1039 2283 Papirium
1060 2199 1250 2284 Carbonem,

136 2285 185 2352 Ti.
208 2285 387 2352 Gracchum
408 2284 505 2353 etiam
530 2286 634 2371 magis
661 2287 796 2370 exculta,
828 2291 896 2351 tum
917 2292 1025 2352 sutem
1046 2303 1104 2369 per
1125 2285 1159 2351 11.
1182 2303 1249 2351 ma·

135 2371 222 2439 nime
246 2371 441 2455 Gracchum,
477 2372 617 2439 Graecos
645 2374 766 2439 litteras
795 2374 992 2439 Graecorum
1023 2370 1190 2454 disciplina
1217 2379 1250 2437 et
1282 2446 1286 2453 ,

135 2455 363 2525 consuetudine
384 2475 486 2538 aeque
507 2464 604 2539 atque
627 2458 673 2523 illi
693 2458 820 2524 fuerunt
846 2458 989 2541 doctum,
1019 2477 1040 2523 a
1069 2458 1168 2522 veteri
1194 2457 1250 2521 illa

134 2543 260 2611 ratione
281 2542 324 2607 ad
343 2542 543 2626 perfectionis
565 2544 660 2609 tinem
683 2564 772 2628 eum,
803 2564 897 2626 quem
918 2548 1107 2609 consecutus
1126 2548 1176 2607 est
1196 2543 1248 2609 Gi-

135 2648 226 2709 caro,
247 2628 361 2695 mirum
391 2636 544 2709 quantum
573 2630 727 2714 propulsa
754 2638 810 2696 est.
850 2630 942 2695 Hanc
969 2628 1067 2712 igitur
1094 2627 1248 2694 rationem

135 2714 236 2781 Laelii
258 2713 325 2781 sine
346 2713 443 2781 dubio
464 2721 496 2780 et
511 2715 638 2780 omnino
654 2715 761 2781 circuli
774 2715 858 2782 illins
870 2712 1097 2782 consuetudine
1112 2712 1249 2797 primum

134 2801 770 2969 uultmstltultututtlt
791 2798 1089 2953 soluturus
1109 2800 1249 2953 {thail

134 2972 210 3039 dam
224 2970 399 3053 transtulit3
417 2977 448 3036 et
459 2972 511 3037 vel
524 2972 556 3037 in
569 2971 716 3055 eligendo
731 2940 835 3057 operis
848 2979 1038 3055 argumento
1052 2972 1106 3049 (cf.
1117 2992 1171 3056 pg.
1186 2973 1248 3052 111.)

133 3094 174 3107 -·-
197 3062 421 3141 praeterquam
452 3057 538 3138 qnod
567 3058 622 3123 illa
649 3077 721 3125 cum
744 3058 944 3142 Scipionibus
964 3056 1141 3123 coniunctio
1162 3058 1249 3123 band

133 3143 225 3229 parui
241 3142 274 3207 in
294 3161 333 3207 ea
354 3160 389 3207 re
409 3142 561 3209 momenti
582 3143 679 3209 fuisse
697 3143 824 3209 ridetur
840 3144 924 3208 ——si
944 3143 1015 3225 quis
1026 3142 1247 3229 Thucydidem

133 3250 206 3297 eum
230 3234 304 3293 ante
326 3225 435 3293 oeulos
458 3228 609 3295 hahuisse
629 3229 823 3297 contendere
842 3228 926 3313 velit,
950 3228 1096 3311 equidem
1119 3228 1248 3295 minime

133 3316 297 3383 oblocutus
320 3312 387 3378 sim.

218 3398 385 3465 Orationes
407 3397 549 3464 Coelium
573 3399 660 3483 operi
682 3418 741 3464 suo
769 3398 940 3465 inseruisse
957 3417 999 3463 ex
1020 3397 1087 3463 eius
1107 3395 1248 3480 reliquiis

132 3491 243 3636 {gene
262 3482 465 3573 perspicitur3
487 3487 668 3567 fragmenta
690 3484 773 3553 enim
794 3486 823 3551 4.
845 3486 873 3551 6.
897 3484 928 3551 7.
949 3484 978 3551 8.
999 3484 1028 3549 9.
1054 3485 1102 3552 10.
1126 3485 1176 3551 11.
1196 3484 1246 3550 26.

176 3620 183 3636 .
206 3570 256 3641 63.
278 3588 318 3637 ex
341 3566 534 3638 orationibus
558 3576 685 3655 sumpta
707 3588 779 3637 esse
792 3576 855 3637 «aut
876 3575 996 3637 certum
1027 3575 1082 3637 aut
1102 3567 1170 3635 veri
1190 3568 1248 3641 ad·

206 3769 225 3838 ¹)
244 3767 326 3847 Quae,
340 3770 450 3839 quidem
469 3770 562 3825 omnia
588 3768 611 3825 ai
633 3788 689 3843 qua
713 3788 765 3841 pur
785 3778 827 3825 est
847 3772 955 3826 ratione
975 3774 1179 3844 contemplatus
1201 3773 1247 3843 sis,

132 3837 229 3897 Cicero
245 3852 302 3916 nou
319 3854 374 3891 ram
392 3837 450 3963 iffie
468 3856 558 3921 secum
584 3844 718 3921 pugnarn
732 3840 883 3908 videbitur,
910 3858 973 3922 eum
991 3840 1117 3921 Coelium
1134 3842 1246 3912 quidem

132 3922 228 4055 tut
243 3912 422 4055 iiuii‘h.
436 3913 789 4033 illusissent
810 3910 1082 4039 ustulat
1088 3910 1246 4049 &huit

131 4060 227 4113 magur
245 4059 311 4101 saue
329 4044 517 4101 assumendus
535 4052 615 4112 auct,
632 4051 734 4114 tamen,
752 4046 781 4099 id
798 4048 874 4117 quod
886 4046 1034 4104 maximum
1052 4054 1113 4102 erut
1130 4047 1245 4119 primus—

130 4128 186 4182 que
205 4110 316 4190 Qotlius
335 4112 437 4171 addere
453 4112 572 4181 studuit,
599 4113 658 4169 eius
676 4114 795 4171 sermoni
817 4114 924 4170 numeri
941 4117 1061 4170 demant
1095 4115 1140 4170 Sic
1157 4115 1245 4183 (loelli

129 4178 282 4234 lumimbus
298 4178 411 4235 Catonia
428 4182 477 4236 illa
494 4182 556 4236 laus
572 4182 684 4237 minime
702 4180 799 4236 officit
