2867 4650
723 233 768 300 48

181 402 577 590 tempestus
598 403 1300 573 sutosuutumumut

179 579 342 662 socipsisse
364 583 594 642 emetrmemus:
614 593 649 639 so
670 575 892 642 hoooosrrore
904 582 1047 641 secutum
1067 595 1122 642 eos
1142 578 1197 659 qui
1217 596 1299 645 vero

180 663 308 730 omniuo
328 662 500 728 tradidisse
520 666 714 744 putarentur.
726 661 816 811 L·-
830 660 960 726 Minime
976 661 1074 756 igitur
1095 663 1298 745 spernendus

179 757 210 814 et
231 750 283 814 vel
304 748 414 830 magni
442 746 475 810 in
501 766 559 812 suo
582 765 700 828 genere
779 746 893 812 iendus
915 746 1007 811 nobis
1029 753 1077 812 est
1099 749 1233 833 scriptor
1256 750 1294 836 is,

179 835 234 918 qui
254 835 328 900 licet
348 833 391 898 od
412 832 552 916 tabulas,
575 832 734 915 prodigis,
755 834 900 914 aliasque
921 831 990 896 eius
1011 833 1138 916 moeris
1158 837 1292 901 nmati-

179 919 310 988 uuculcs
333 917 427 1002 operi
440 937 498 984 suo
522 917 711 983 inserendos
729 936 909 1001 propensus
936 917 1045 1000 fuerit,
1076 926 1182 985 temon
1211 936 1302 1003 quae

180 1005 321 1072 omnium
340 1005 406 1070 lere
426 1003 488 1068 illis
510 1003 703 1086 temporibus
733 1010 817 1068 esset
844 1003 1022 1069 credulitati
1051 1007 1299 1074 rosconmon

179 1110 338 1157 summum
360 1089 536 1155 illudentis
561 1088 729 1154 historicae
748 1096 954 1172 praeceptum
977 1090 1143 1172 amplexus
1165 1091 1221 1176 sit3
1252 1103 1297 1167 et,

178 1176 210 1246 si·
226 1173 463 1244 concedendum
486 1173 613 1255 quidem
636 1173 1009 1257 compereritocuidisse,
1033 1181 1069 1240 ut
1091 1177 1296 1259 protument

179 1261 305 1344 ingenii-
320 1269 437 1327 ustura
457 1268 583 1342 erraret,
608 1266 723 1342 sponte
740 1280 779 1325 oc
800 1260 932 1326 consilio
943 1261 1026 1326 leisc
1037 1280 1109 1326 enm
1125 1263 1300 1330 condisse

178 1347 307 1418 erodere
327 1366 391 1412 non
413 1365 592 1429 possumus
623 1381 666 1392 --
694 1343 786 1421 Quas
808 1347 936 1427 quidem
967 1347 1123 1413 sententia
1152 1357 1295 1415 veterum

177 1431 365 1502 testimoniis
387 1434 501 1496 mirum
523 1438 675 1513 quantum
693 1431 904 1498 confirmetur.
940 1432 1025 1496 Noun
1045 1432 1118 1498 lioet
1138 1436 1208 1514 quis
1229 1455 1298 1501 non

179 1521 311 1586 multum
332 1519 438 1584 velere
461 1517 548 1582 dicct
565 1516 652 1596 quod
666 1517 810 1581 Valerius
822 1517 985 1582 Maximus
994 1525 1114 1582 certum
1127 1520 1297 1586 Romanae

178 1605 327 1671 historico
348 1610 509 1670 auctorem
530 1601 672 1666 Coelium
695 1601 873 1684 appellarit,
895 1601 1004 1668 Oiooro
1025 1602 1148 1668 Lat'mis
1169 1605 1294 1672 histori—

178 1689 229 1756 cis
243 1688 388 1756 omuibus
410 1689 538 1771 saepius
560 1705 633 1750 eum
656 1687 807 1771 laudavit,
829 1688 1008 1771 virumque,
1029 1688 1063 1752 id
1084 1691 1174 1770 quod·
1191 1692 1294 1756 mart

179 1795 268 1840 mum
286 1781 342 1856 est,
366 1773 441 1840 dicit
460 1773 658 1858 „optimum“
679 1771 733 1848 (ds
753 1792 797 1837 or.
809 1773 850 1854 ΙΙ,
875 1775 946 1858 12);
970 1779 1002 1837 et
1010 1773 1051 1838 ll.
1064 1775 1179 1840 Brutus
1190 1795 1294 1858 seque

178 1860 392 1942 aoPolybium
409 1859 502 1936 (Plnt
516 1860 602 1924 Brut
610 1859 643 1935 4)
658 1857 691 1922 O.
705 1876 768 1938 que
778 1856 938 1922 Fannium
953 1859 1030 1935 (ilic.
1048 1859 1240 1941 odAttXll,
1249 1865 1309 1944 oll-

178 1944 311 2028 dlguum
333 1944 455 2010 censuit
475 1945 567 2009 cuius
580 1943 739 2026 epitomen
752 1944 916 2027 taceret.²)
938 1943 1047 2009 Livius
1060 1952 1171 2016 cutem
1181 1950 1293 2029 qccnti

63 2061 65 2065 v
178 2030 320 2100 Coelium
342 2030 456 2096 lecerit
476 2050 518 2094 ex
539 2028 616 2112 ipsis
645 2028 708 2094 illis
735 2029 813 2094 locis
842 2030 896 2093 ubi
916 2029 1034 2094 diserte
1055 2050 1127 2096 eum
1149 2033 1294 2100 laudavit

175 2153 218 2166 -
237 2116 272 2182 in
293 2113 474 2181 universum
492 2122 598 2180 autem
614 2114 655 2178 dc
669 2115 731 2178 hac
748 2134 782 2179 re
797 2115 883 2179 intro
905 2115 1099 2182 disseremus
1115 2119 1292 2202 -optime

175 2200 374 2282 intellegitur.
403 2199 566 2278 Quemvis·
582 2199 666 2264 enim
689 2199 731 2263 de
754 2219 842 2265 more
861 2220 919 2265 suo
938 2207 971 2265 et
992 2202 1125 2267 omnino
1146 2215 1288 2272 veterum

177 2287 392 2355 historicorum
416 2295 483 2353 tum
505 2287 633 2351 demum
662 2303 734 2349 eum
762 2285 876 2351 afferre
898 2287 1017 2368 soleat,
1053 2307 1125 2353 cum
1156 2292 1197 2357 ab
1222 2290 1291 2357 mus

175 2373 333 2439 sententio
354 2373 480 2457 recedit,
500 2389 662 2452 nunquam
683 2381 790 2436 tamen
814 2379 904 2439 tanto
922 2392 994 2437 cum
1010 2373 1146 2457 tumulo,
1170 2386 1291 2458 quouto

178 2478 205 2526 e
215 2479 245 2541 p
254 2456 417 2523 Valerium
423 2459 583 2525 Antiatem
592 2457 642 2535 (ol.
652 2457 772 2534 XXVI,
785 2459 835 2523 49.
849 2458 1005 2539 xxxlu,
1014 2461 1064 2523 1o
1076 2460 1209 2547 XXXV,
1221 2463 1287 2549 38),

176 2563 250 2609 eum
268 2541 420 2621 nominat,
444 2544 502 2609 sed
524 2561 650 2625 semper
670 2543 749 2607 satis
771 2542 976 2609 honorificam
997 2545 1290 2614 mentionem-facit

176 2630 306 2709 eiusque
319 2629 508 2695 sententiam
523 2627 728 2712 argumentis,
741 2636 868 2710 praeter
879 2630 1147 2710 consuetudinem,
1163 2633 1288 2701 refutet.

177 2714 335 2797 SioXle
354 2714 406 2781 38.
427 2722 599 2799 postquam
620 2730 712 2779 suum
732 2714 897 2797 proposuit
918 2715 1107 2781 sententiam
1119 2754 1163 2775 -ι
1176 2738 1288 2801 quom-

183 2888 386 2901 m

246 2970 265 3038 1)
282 2968 364 3035 Quod
384 2984 439 3021 vsu
457 2966 511 3021 den
527 2966 583 3020 Ber
603 2965 635 3035 h,
666 2967 701 3023 de
721 2966 782 3021 anti
801 2966 921 3021 uissimis
941 2966 1083 3021 onnslium
1103 2966 1288 3037 scriptoribus

174 3038 321 3120 Remanis,
351 3054 397 3107 pg.
415 3036 463 3103 68,
489 2983 607 3105 (Grypfl.
627 3037 711 3103 1859.)
739 2985 831 3090 verite
861 3036 926 3116 „qui
944 3035 1111 3115 intellegunt
1127 3034 1288 3116 quaelient

174 3108 388 3161 dissentmntur‘
416 3104 524 3175 (fragm.
543 3106 578 3173 8.)
602 3110 685 3158 auctu
703 3105 739 3158 de
761 3121 811 3158 suo
836 3104 952 3159 arbrtrio
978 3110 1114 3158 sententm
1138 3102 1288 3175 sigmficari

192 3175 290 3243 utovit5
308 3192 364 3245 qus
379 3178 470 3227 mente
488 3171 598 3225 Coelius
614 3172 758 3226 historiam
774 3174 908 3241 tractarit,
926 3179 1024 3241 utpote
1042 3174 1090 3244 qui
1109 3172 1287 3240 ,‚dissentire⁴‘

172 3195 286 3300 Sixisset
307 3243 360 3312 „ob
379 3240 548 3311 imperitiore
564 3242 739 3295 credulorum
759 3241 924 3311 sculptorum
945 3248 1061 3309 caterve
1075 3241 1141 3295 boni
1164 3257 1224 3295 esso
1242 3241 1285 3295 ui-

172 3314 291 3381 storici“‚
326 3312 465 3391 uiounque
481 3326 537 3380 que
547 3309 629 3389 decet
640 3309 769 3365 cautione
780 3311 814 3363 de
826 3310 931 3365 talibus
946 3309 1068 3368 iudicare
1083 3310 1153 3363 solet
1171 3309 1287 3378 probari

173 3382 250 3438 nullo
266 3330 347 3434 modo
364 3396 444 3451 posse
462 3384 617 3449 perspmret
636 3410 667 3457 5
684 3378 757 3431 Item
773 3376 864 3453 minus
880 3385 955 3433 recto
973 3378 1067 3433 Neuto
1083 3396 1130 3477 pff.
1150 3378 1187 3430 ll.
1206 3377 1284 3433 Cice·

170 3449 245 3505 renis
260 3449 345 3504 verbo
361 3464 409 3514 lor.
427 3449 471 3509 69)
489 3463 523 3514 „o
540 3447 629 3499 virum
647 3446 797 3517 simplicem
814 3447 862 3518 qui
879 3464 930 3500 nos
949 3447 1021 3500 nihil
1036 3447 1123 3501 celct‘
1141 3447 1178 3500 ed
1195 3446 1283 3501 Coelii

170 3517 253 3572 fidem
270 3523 393 3587 spectare
412 3515 541 3585 opinatum
558 3521 607 3568 est.
632 3546 663 3553 —

240 3620 260 3686 ²)
279 3617 323 3673 cf.
341 3617 397 3672 Cic.
419 3616 456 3670 ad
473 3616 532 3669 Att
549 3614 631 3683 Xlll,
650 3616 674 3668 8.
693 3622 723 3669 et
739 3615 837 3686 fragm.
855 3616 903 3670 37:
921 3614 1062 3682 ‚Subinde
1071 3614 1166 3685 Nepos
1182 3614 1218 3668 de
1234 3614 1283 3667 iul.

169 3686 238 3743 siris
253 3688 288 3741 lI.
307 3687 355 3741 sed
374 3691 401 3739 et
417 3684 521 3739 Brutus
539 3690 567 3739 et
586 3684 697 3739 Coelius
713 3684 874 3755 frequenter
897 3700 931 3737 eo
946 3683 989 3736 usi
1007 3687 1103 3749 sunt“;
1133 3699 1198 3737 nem
1215 3700 1284 3737 sone

171 3757 215 3811 vel
230 3756 303 3811 ultro
319 3754 380 3809 fieri
396 3753 525 3821 debebat,
543 3759 576 3806 ut
592 3753 696 3807 Brutus
712 3752 743 3809 in
759 3753 879 3821 epitome
891 3752 977 3805 isdem
986 3752 1089 3821 quibus
1097 3750 1208 3805 Coelius
1223 3768 1281 3805 ver·

169 3824 212 3879 bis
230 3829 361 3879 uteretur.
381 3852 410 3863 ·-
430 3822 514 3889 Quod¹
529 3827 572 3875 est
588 3838 634 3891 sp.
651 3822 827 3887 Frontonem,
843 3836 887 3888 ep.
904 3819 942 3873 ed
952 3820 989 3873 M.
1001 3820 1079 3874 Ceos.
1092 3820 1115 3887 1,
1132 3822 1158 3887 9,
1173 3836 1222 3891 pg.
1230 3819 1263 3873 21
1276 3841 1283 3873 ε

168 3893 329 3961 „Materiam
347 3896 490 3947 eruentem
507 3890 606 3945 misisti
622 3889 701 3943 mihi:
732 3888 849 3943 necdum
868 3888 925 3959 legi
943 3887 1105 3943 Coelianum
1122 3894 1283 3958 excerptum

170 3963 246 4032 quod
263 3960 372 4028 misisti,
403 3976 454 4013 neo
471 3960 561 4031 legem
580 3958 656 4028 prius
675 3975 760 4081 Quam
775 3972 871 4011 sensus
887 3959 948 4027 ipse
964 3963 1080 4012 verianus
1101 3955 1188 4009 fuero.
1225 3957 1283 4012 Sed

169 4046 215 4085 me
231 4029 357 4085 (laeseris
374 4028 471 4083 oratio.
481 4027 576 4090 unceis
592 4027 680 4098 ungui
701 4045 735 4081 us
751 4026 858 4082 adunet
874 4027 951 4097 sqq.“
968 4026 1005 4079 ob
1022 4026 1032 4079 i
1052 4034 1114 4079 sum
1132 4025 1281 4080 contestis,

167 4114 229 4151 rum
246 4114 380 4152 conexum
396 4102 521 4166 spectare
539 4095 633 4166 potius
649 4095 759 4149 videtur
775 4096 813 4149 sd
828 4094 867 4148 Μ.
886 4094 1011 4149 Coelium
1054 4091 1143 4147 usum
