2867 4650
698 328 745 393 43

166 533 207 554 -ν
225 499 439 570 oonfirmatur.
467 495 511 563 Ut
528 497 613 562 enim
640 495 673 560 in
694 496 733 561 fr.
757 497 806 562 16.
834 500 989 576 unquam
1018 492 1186 559 manifesto
1212 492 1281 559 mus

164 584 221 668 roi,
242 590 395 666 quantum
416 582 593 648 oratoriam
617 580 745 648 Coelius
764 581 965 665 amplificant
984 586 1081 660 atque
1103 595 1280 661 exaggera·

165 671 215 754 rit,
239 671 385 754 exemplo
406 668 496 733 iuxta
516 667 626 751 positis
649 667 780 733 Catonis
801 665 906 732 verbis
928 672 1038 749 apeme
1060 663 1218 751 videmus,
1248 670 1280 728 et

165 756 197 822 in
217 756 287 824 aliis
308 751 467 825 nonnullis
486 754 564 819 satis
587 752 694 819 uiuido
717 773 790 818 eum
811 772 903 817 usum
925 771 997 816 esse
1016 750 1194 816 invenimus
1207 767 1280 814 nar-

165 842 297 908 rationis
319 859 445 926 genere
467 840 513 905 ita
534 847 688 920 qnantum
710 858 749 903 ea
771 838 878 905 omnia
898 859 919 902 a
940 835 1100 903 Ciceronis
1119 833 1281 918 elegantia

165 933 197 994 et
219 928 360 994 maxime
380 945 513 993 numero
532 925 628 990 etiam
650 924 756 990 absint
776 924 858 990 ultro
876 929 1027 1008 apparet3
1056 928 1088 986 et
1117 921 1150 985 in
1169 939 1280 985 narra-

166 1012 372 1080 tionibusillis
386 1031 470 1094 quae
484 1011 664 1078 aOieerene
675 1016 823 1076 servatae
834 1017 909 1076 sunt
926 1009 986 1086 (eti.
996 1008 1147 1074 fr.42.43.
1156 1007 1279 1090 4446),

152 1099 313 1182 ,quamvis
336 1097 498 1180 aliquanto
520 1096 710 1182 immutatis,
731 1095 912 1162 etiamnunc
934 1093 1105 1160 Coelianae
1126 1091 1281 1175 diationis,

169 1184 421 1270 simplicissimae
443 1183 527 1250 illius
548 1181 676 1264 quidem
691 1203 729 1247 ao
748 1183 879 1266 somine,
903 1199 967 1262 qua
980 1200 1044 1247 non
1059 1185 1124 1244 tam
1138 1176 1197 1245 sibi
1207 1177 1281 1243 suh-

168 1273 374 1354 iungerentur
396 1288 492 1350 quam
509 1269 759 1351 adiungerentur
776 1267 951 1334 sententiae
967 1305 1005 1313 -
1027 1264 1128 1346 (unde
1148 1265 1283 1331 fortusse

168 1357 346 1511 stlte
365 1356 522 1507 itii
544 1347 1283 1523 llir⁸liltia⁰luttttniin‘¹23

225 1491 233 1506 ο
274 1493 282 1524 ²
347 1488 357 1521 5
519 1491 526 1507 a
579 1493 584 1504 ι
608 1481 615 1502 ἱ
678 1477 722 1488 ““””
1234 1491 1241 1504 0

253 1526 382 1612 Quodsi,
403 1491 502 1608 quim
524 1532 595 1591 arta
616 1525 703 1609 apud
713 1526 878 1590 Romanos
899 1524 981 1589 inter
1001 1522 1164 1589 historiam
1185 1528 1282 1602 atqua

167 1613 380 1694 eloquentiam
400 1612 579 1678 eouiunotio
602 1612 828 1689 intemesserit,
868 1610 947 1676 satis
969 1607 1132 1674 nobiseum
1159 1615 1283 1690 reputa—

127 1727 131 1737 ·
168 1698 274 1781 rimus,
297 1698 455 1764 neminem
477 1698 572 1763 oredo
595 1697 819 1780 dubitaturum,
840 1695 917 1779 quin
929 1695 979 1761 hio
993 1712 1120 1776 quoque
1133 1692 1283 1759 historiae

167 1803 356 1869 progressus
379 1783 422 1848 ad
445 1783 644 1865 eloquentiae
665 1782 800 1848 similem
816 1783 975 1865 quendam
998 1787 1053 1845 aut
1073 1780 1186 1846 eodem
1202 1786 1281 1844 tem·

166 1889 245 1954 pore
266 1875 322 1939 aut
343 1870 439 1954 paulo
461 1877 536 1934 ants
566 1907 608 1920 -
640 1875 727 1948 (nam
751 1888 830 1934 sane
859 1869 939 1932 haee
960 1867 1047 1930 illam
1068 1866 1135 1933 tere
1155 1880 1281 1950 semper

167 1956 329 2037 aliquanto
352 1963 540 2038 antegressa
558 1960 621 2038 est)
644 1954 827 2019 —laetum
848 1952 1032 2020 referendus
1056 1951 1114 2036 sit3
1153 1957 1185 2016 et
1203 1962 1280 2017 vero

171 2041 351 2122 eloquentia
383 2079 426 2092 -
457 2044 497 2121 (u.
519 2039 582 2106 (iio.
604 2043 708 2116 Brut..
740 2039 859 2124 optime
877 2039 919 2106 id.
941 2041 1034 2103 'lusa
1056 2038 1090 2117 Ι,
1119 2038 1150 2115 3,
1171 2035 1207 2117 5)
1229 2076 1280 2115 -‚

168 2149 189 2196 a
211 2127 368 2211 Seipionn
388 2124 516 2207 Laelio,
538 2126 605 2192 Ser.
628 2125 768 2210 Sulpieio
790 2125 895 2190 Galba
916 2123 1056 2188 maxime
1076 2121 1165 2188 initio
1183 2121 1279 2203 laeto,

169 2212 284 2284 dende
309 2231 366 2298 per
387 2212 428 2278 hl.
451 2211 620 2278 Aemilium
643 2211 815 2296 Lepidum,
846 2211 881 2277 O.
908 2208 1070 2293 Paphiam
1092 2208 1281 2293 Carbonem,

167 2299 216 2366 Ti.
239 2298 418 2365 Graoohum
440 2296 536 2365 etiam
561 2298 666 2381 magis
693 2298 827 2381 exsulta,
859 2302 928 2362 tum
949 2302 1056 2362 autem
1077 2313 1136 2378 per
1156 2294 1190 2359 (i.
1213 2313 1280 2359 ma

167 2384 253 2453 sime
277 2384 473 2467 Graeohum‚
509 2384 648 2450 Graecos
676 2384 798 2449 litteras
827 2384 1023 2449 Graecorum
1055 2379 1222 2463 disciplina
1248 2387 1281 2446 et
1313 2454 1317 2462 ,

167 2468 395 2539 eonsuetudine
416 2487 518 2550 aeque
539 2475 635 2550 atque
659 2468 704 2534 illi
725 2468 852 2534 inerunt
878 2468 1020 2551 doum,
1051 2486 1072 2532 a
1101 2467 1200 2531 veteri
1226 2465 1282 2530 illa

166 2556 291 2625 ratione
313 2556 356 2619 ad
375 2553 575 2641 perfeetionis
597 2555 692 2620 finem
715 2574 804 2638 eum,
835 2574 929 2636 quem
950 2558 1139 2619 consecutus
1158 2556 1208 2617 est
1228 2551 1280 2617 (ii-

167 2662 258 2722 osro,
280 2640 393 2708 mirum
422 2646 576 2721 quantum
605 2640 759 2725 propulsa
786 2648 842 2706 est.
882 2640 974 2705 Hane
1001 2638 1099 2722 igitur
1127 2636 1280 2703 rationem

167 2727 268 2795 Laelii
289 2726 357 2798 sins
378 2725 473 2794 dubio
496 2732 531 2792 et
543 2726 670 2791 omnino
686 2726 794 2791 oireuli
806 2725 890 2793 illius
903 2724 1129 2792 consuetudine
1144 2722 1281 2807 primum

166 2814 327 2896 eognitam
350 2818 446 2893 atque
467 2812 652 2882 adamatam
675 2812 803 2879 Coelius
825 2812 1001 2895 amplexus,
1023 2817 1059 2875 ut
1077 2808 1121 2875 ad
1141 2810 1281 2874 forman·

166 2900 243 2967 dum
264 2899 301 2964 L.
320 2897 429 2965 orassi
448 2898 611 2981 ingenium
634 2896 792 2976 adhibuit,
823 2898 869 2963 sio
891 2897 934 2963 ad
958 2896 1121 2963 historiam
1143 2896 1280 2962 seriben-

166 2986 242 3053 dam
256 2982 432 3065 transtulit3
449 2990 481 3049 et
492 2984 543 3048 vel
556 2984 588 3048 in
602 2983 749 3066 eligendo
763 2984 868 3067 operis
880 2988 1071 3065 argumento
1085 2982 1139 3059 (of.
1151 3002 1204 3065 pg.
1219 2981 1280 3061 15.)

165 3074 454 3154 ..praeterquam
484 3068 571 3150 quod
599 3069 655 3133 illa
681 3088 753 3134 enm
777 3067 977 3153 Scipionibus
997 3066 1173 3133 coniunctio
1194 3067 1281 3132 haud

165 3156 257 3243 parui
273 3155 307 3220 in
327 3174 366 3219 ea
387 3172 422 3219 re
442 3153 594 3221 momenti
615 3155 712 3220 fnisse
730 3153 857 3220 vidntur
873 3192 917 3203 -
930 3154 957 3218 si
977 3153 1048 3235 quis
1059 3152 1279 3238 Thucydidem

165 3264 238 3397 ἔξω
262 3246 337 3307 ante
359 3238 468 3305 oeulos
491 3240 641 3307 hahuisse
662 3239 856 3307 oontendere
875 3239 959 3323 velit,
982 3237 1129 3320 equidem
1152 3238 1281 3304 minime

206 3330 330 3395 loeutus
353 3324 420 3391 sim.

251 3410 419 3478 Orationes
440 3409 582 3476 Coelium
606 3411 693 3494 operi
715 3430 774 3475 suo
801 3408 973 3475 inseruisse
990 3426 1032 3471 ex
1053 3406 1120 3471 eius
1140 3404 1281 3488 reliquiis

166 3516 186 3563 a
209 3504 275 3563 erte
295 3494 499 3586 perspicitur3
520 3498 702 3579 fragmenta
723 3494 806 3563 enim
827 3496 856 3561 4.
878 3496 906 3561 6.
930 3494 961 3561 7.
983 3493 1011 3560 8.
1033 3493 1062 3559 9.
1088 3493 1135 3562 10.
1159 3494 1209 3559 11.
1229 3492 1279 3558 26.

164 3519 216 3650 23.
238 3583 289 3654 63.
311 3600 352 3651 ex
374 3578 568 3653 orationibus
591 3588 719 3666 sumpta
741 3586 888 3648 essesut
910 3585 1029 3646 eertum
1061 3585 1116 3646 aut
1135 3576 1204 3645 veri
1223 3576 1281 3649 ad-

239 3783 258 3852 ¹)
277 3780 360 3860 Quae
373 3781 484 3852 quidem
503 3782 596 3837 omnia
622 3782 645 3836 si
667 3799 724 3853 qua
747 3799 798 3852 par
818 3782 988 3838 satistione
1009 3783 1212 3853 contemplatus
1234 3782 1280 3850 als,

165 3851 262 3910 Oiesro
278 3866 335 3929 nou
353 3850 435 3907 rami
455 3869 484 3932 aa
502 3868 592 3933 remum
617 3854 752 3932 pugnarn
766 3851 916 3919 videbitur,
944 3868 1007 3932 eum
1025 3850 1150 3931 Coelium
1167 3850 1279 3921 quidem

166 3936 261 4068 nit
276 3924 456 4067 turm.
476 3921 1116 4047 nurrnnurrrnuurtn
1122 3918 1279 4057 nnn

165 4073 260 4127 magni
278 4072 345 4135 sans
363 4056 551 4113 aestimandus
569 4062 649 4135 emet,
666 4061 768 4124 tamen,
785 4056 815 4109 id
832 4058 908 4127 quod
920 4056 1068 4114 maximum
1086 4063 1147 4111 erut
1164 4056 1279 4127 primus-

164 4141 221 4195 que
239 4123 349 4183 Coelius
369 4125 470 4184 addere
487 4124 606 4193 studuit,
633 4124 692 4179 eius
710 4125 829 4181 sermoni
851 4124 958 4180 numeri
975 4127 1095 4179 deerant
1129 4124 1175 4179 Sia
1191 4124 1278 4191 Coelii

163 4190 316 4247 luminibus
332 4191 445 4248 Catonis
462 4194 511 4248 illa
528 4194 590 4248 laus
606 4192 719 4247 minime
736 4190 832 4247 officit
