2867 4650
638 241 693 326 Q

105 409 236 480 credere
257 411 397 489 Penino‚
429 420 526 495 atque
546 412 621 480 inde
644 433 762 481 nomen
782 412 813 480 ei
834 413 911 497 iugo
931 415 1062 500 Alpium
1080 417 1223 504 metm,

105 505 357 581 transgressum,
381 497 524 564 Coelium
546 518 604 582 per
628 495 794 566 Cremonis
812 499 923 583 iugum
945 504 1051 568 dicere
1071 504 1225 570 transisse

102 591 160 647 eto.
183 583 251 649 Liv.
273 581 361 669 XXI,
374 585 425 648 38.

173 667 319 722 Coelium.
335 710 340 720 .
356 669 458 734 dicere,
478 667 518 720 sic
536 666 594 720 iure
610 665 806 720 Alschefskius
828 673 857 722 et
872 667 1009 736 Hertaius,
1027 688 1079 738 pro
1096 690 1130 727 eo
1145 673 1221 744 quod

140 743 224 791 antes
241 739 327 803 vulgo
347 737 506 807 legebatur:
530 734 642 787 (tostius
657 775 683 786 ..
712 735 789 788 dicit.
809 769 837 777 -
861 735 907 788 De
924 755 954 790 re
976 739 1039 806 ipsa
1057 748 1141 794 antea
1159 741 1218 812 qui-

136 804 244 857 demin
262 807 354 858 varias
374 813 468 876 partes
488 803 589 857 acriter
607 804 781 870 disceptata,
805 803 855 856 sed
873 821 948 857 nunc
967 807 1050 872 plane
1067 809 1220 862 diiudicata

139 873 192 926 hoc
211 873 273 928 loco
291 891 431 942 exponere
449 873 562 941 longum
579 885 630 924 cst.
651 877 686 922 ct'.
705 872 791 924 etiam
806 887 878 940 quae
895 889 979 942 supra
997 877 1033 926 ad
1054 877 1087 928 fr.
1099 880 1140 929 14.
1154 878 1219 930 dixi.

186 943 241 1024 48)
285 941 410 1008 Servati
432 939 569 1006 consulis
599 939 695 1004 decus
718 939 845 1005 Coelius
874 941 917 1006 ad
936 960 1066 1008 servum
1089 945 1218 1012 natione

103 1025 254 1108 Ligurem
282 1027 424 1110 delegat,
448 1025 556 1091 malim
578 1025 725 1106 equidem
745 1023 786 1090 de
807 1025 870 1090 filio
892 1046 1003 1091 verum
1024 1049 1110 1115 esse,
1133 1030 1220 1111 quod

102 1120 135 1176 et
157 1113 264 1194 plnres
284 1113 444 1178 tradidere
467 1121 498 1176 et
517 1112 604 1176 fama
622 1111 765 1176 obtinuit.
807 1110 875 1176 Liv.
893 1112 983 1195 XXI,
1004 1115 1057 1185 46.

169 1197 242 1250 Mira
272 1197 409 1267 quaedam
438 1197 508 1250 haec
537 1205 581 1250 est
609 1196 697 1249 (loelli
724 1197 867 1263 narrati03
899 1214 1019 1267 eamque
1052 1199 1097 1254 hic
1128 1219 1145 1254 s
1174 1208 1219 1261 tot

136 1265 318 1332 scriptoribus
344 1269 419 1320 solus
445 1265 568 1316 tradidit.
611 1264 682 1318 Nam
704 1271 734 1315 et
750 1263 901 1332 Polybius,
925 1284 1087 1346 quanquam
1107 1286 1164 1323 non
1188 1271 1229 1333 in.

84 1367 87 1374 -
136 1333 145 1384 i
168 1347 199 1383 sa
222 1350 318 1402 pugna
341 1333 376 1385 ad
396 1333 524 1384 Ticinum
551 1332 706 1393 narranda,
731 1333 780 1383 sed
806 1340 920 1400 postea,
946 1335 994 1386 ubi
1011 1353 1040 1386 tn
1059 1337 1218 1391 universnm

162 1418 176 1451 e
198 1399 328 1466 Scipione
352 1402 521 1471 disputaret,
539 1399 656 1452 eandem
675 1416 759 1468 quam
779 1398 875 1451 Livius
894 1403 1039 1469 probavit,
1057 1404 1074 1455 l.
1093 1403 1129 1472 X,
1147 1407 1171 1471 3,
1189 1399 1229 1458 et'

136 1467 216 1520 (lass.
235 1468 290 1522 Dio
309 1473 341 1524 tr.
364 1471 484 1521 Peiresc.
503 1466 546 1520 56.
565 1467 631 1519 Zun.
652 1467 732 1532 Vlll,
750 1467 799 1531 23,
817 1475 854 1531 et,
873 1468 984 1521 Livium
1004 1470 1155 1524 manifesto
1174 1489 1216 1524 se·

136 1537 209 1601 cuti,
236 1537 285 1590 Sil.
306 1537 338 1590 lt.
358 1537 413 1604 IV,
438 1536 554 1605 dddsqq.
583 1534 732 1601 (cotuvr,
753 1535 812 1590 710.
843 1535 908 1603 XV,
931 1539 1003 1605 183),
1034 1539 1106 1594 Flet.
1124 1540 1170 1605 ll,
1192 1543 1217 1595 6.

139 1601 217 1658 Oros.
237 1605 285 1669 lV,
305 1607 336 1658 14
369 1605 474 1658 Earum
492 1615 585 1658 sutem
603 1605 721 1658 alteram
741 1605 780 1656 sic
800 1603 978 1674 simpliciter,
999 1615 1031 1660 ut
1048 1607 1157 1661 Livium
1176 1608 1218 1664 fe·

136 1672 207 1726 cisse
231 1673 370 1741 videmus,
401 1674 504 1726 reicere
534 1669 664 1742 equidem
694 1672 885 1726 dubitaverim.
927 1674 1060 1738 Quamvis
1081 1678 1155 1729 enirn
1179 1677 1217 1731 ab

135 1739 226 1794 altera
251 1754 332 1812 parte
357 1743 553 1794 anctoritatem
578 1741 733 1794 habeamus
756 1739 886 1810 Polybli,
913 1742 950 1795 ab
978 1746 1069 1797 altera
1092 1745 1217 1799 Coelium

138 1810 315 1862 coniunctum
331 1810 418 1862 fuisse
430 1811 530 1862 scimus
543 1825 605 1862 curn
616 1809 760 1873 GLaelio,
773 1809 871 1878 itaqua
883 1810 968 1863 etiam
978 1828 1041 1866 cum
1054 1812 1217 1884 Scipionum

135 1875 251 1944 familia,
270 1895 386 1947 qnorum
411 1878 523 1946 quidem
549 1877 676 1930 meritam
698 1877 810 1928 laudem
834 1895 896 1930 eum
918 1880 1118 1942 detrectavisse
1141 1890 1217 1938 certe

138 1947 287 2000 verisimile
310 1964 365 2000 non
385 1957 438 2011 est,
455 1952 483 1998 et
498 1961 609 1996 -cum
624 1945 734 2014 reliqui,
750 1952 779 1997 et
794 1944 838 1997 vel
856 1955 969 2014 praeter
986 1952 1217 2004 consuetudinem

134 2012 248 2068 Cassius
267 2013 335 2078 Dio,
361 2015 502 2066 Romanos
523 2011 672 2081 scriptores
700 2013 791 2065 secuti
810 2013 867 2065 sint
892 2043 913 2051 «
940 2013 1062 2069 fortasse
1083 2019 1216 2072 habemus

120 2086 335 2138 -auctoritstcm
356 2082 450 2136 Sileni.
486 2081 597 2134 Ambae
615 2080 701 2148 igitur
720 2083 762 2132 ita
779 2082 846 2132 mini
864 2082 996 2135 videntur
1013 2085 1087 2138 inter
1104 2103 1136 2139 se
1154 2103 1217 2141 esse

136 2151 363 2220 coniungendae,
385 2159 417 2204 ut
437 2158 467 2204 et
488 2156 517 2204 Ρ.
536 2149 630 2218 Scipio
650 2149 801 2202 Africanus
825 2157 853 2201 ct
878 2167 975 2204 servus
997 2152 1046 2205 ille
1069 2157 1216 2210 consulem

129 2217 224 2288 aliquo
242 2221 324 2272 modo
341 2221 492 2286 servarint,
516 2219 565 2272 sed
590 2219 671 2272 huius
691 2217 752 2269 lans
770 2233 837 2284 prae
853 2217 929 2271 illius
947 2217 1038 2286 gloria
1053 2239 1117 2276 mox
1134 2222 1217 2276 obso-

134 2283 239 2342 leverit.
259 2290 289 2342 cf
317 2289 415 2357 Polyb.
435 2287 486 2353 Ill,
503 2287 546 2353 δι’),
568 2289 605 2339 ll.
620 2283 656 2349 lt,
674 2287 699 2351 3,
717 2288 741 2336 4.

182 2356 241 2439 49)
287 2356 412 2422 Coelius
435 2367 545 2422 auctor
568 2363 616 2420 est
636 2355 808 2437 Magonem
837 2374 907 2419 curn
938 2359 1078 2437 equitatu
1110 2366 1141 2424 et
1163 2360 1217 2424 Hi-

100 2444 210 2523 spanis
231 2443 389 2526 peditibus
412 2440 533 2506 flumen
555 2440 715 2523 externplo
739 2447 936 2525 caussasse,
970 2445 1074 2526 ipsum
1097 2441 1216 2514 Hanni·

102 2527 208 2591 balem
221 2549 278 2613 per
292 2528 456 2613 superiora
466 2527 546 2591 Padi
559 2525 645 2589 vada
661 2525 833 2590 exercitum
848 2528 1027 2594 traduxisse
1041 2530 1217 2615 elephantis

97 2612 131 2677 in
174 2614 316 2679 ordinem
353 2614 394 2679 ad
432 2610 652 2679 sustinendum
688 2610 826 2675 fluminis
869 2613 1022 2697 impetum
1056 2617 1216 2701 oppositis.

166 2751 1216 2853 mffimfflmmwfflwmfflmm

131 2851 282 2921 lybiam,l
324 2853 390 2918 ,66,
408 2852 490 2922 plane
508 2852 564 2905 alla
583 2858 743 2904 narrantem
762 2852 899 2919 expressit
920 2853 1030 2919 Livius,
1056 2854 1106 2907 sed
1125 2854 1165 2907 ita
1182 2862 1215 2908 ut

130 2920 279 2975 manifesto
303 2922 375 2974 falso
398 2938 460 2973 euin
484 2920 661 2987 intellegeret
690 2927 720 2971 et
743 2920 804 2987 ipse
832 2920 918 2972 etiarn
940 2938 1040 2974 novam
1074 2924 1215 2992 quandam

131 2992 299 3043 sententiam
317 2996 492 3058 proponeret.
524 2986 581 3040 Res
602 2985 728 3039 dit'ficilis
750 2995 795 3038 est
812 2985 983 3054 diiudicata,
1011 3006 1064 3043 nec
1081 2996 1134 3045 hoc
1152 2991 1214 3045 loco

131 3074 193 3111 eam
222 3059 441 3113 diiudicaveriin.
476 3054 559 3109 Certe
580 3053 668 3109 Coelii
696 3055 853 3107 auctoritas
880 3058 923 3107 eis
953 3057 1001 3125 qui
1032 3057 1115 3112 huius
1146 3059 1215 3113 belli

134 3126 277 3181 historiam
298 3128 420 3179 scribere
437 3125 524 3176 velint
542 3140 597 3175 non
616 3123 779 3191 spcnrenda
794 3122 855 3174 erit.
889 3124 977 3188 Livii,
1003 3142 1059 3194 qua
1077 3127 1156 3180 illum
1173 3144 1215 3181 ro

132 3194 226 3247 futare
251 3196 405 3260 studuerit,
433 3192 639 3245 ratiocinationi
663 3192 711 3260 qui
734 3207 797 3243 eum
821 3194 900 3243 novit
929 3191 999 3245 nihil
1018 3193 1140 3264 tribuet,
1167 3198 1215 3266 qui

132 3264 243 3332 quidem
256 3265 299 3315 liic
316 3280 426 3333 quoque
443 3261 512 3313 Padi
529 3261 654 3313 accolam
667 3259 761 3329 potius
776 3276 806 3310 se
818 3261 969 3313 ostendere
980 3261 1110 3330 voluisse,
1127 3279 1213 3333 quam

130 3333 158 3383 in
179 3348 237 3383 rem
255 3332 388 3399 fluviique
415 3336 557 3408 naturam,
585 3344 657 3398 quae
676 3334 756 3383 esset
777 3328 807 3379 in
827 3328 883 3384 illis
902 3329 1066 3398 regionibus
1083 3347 1102 3385 s
1121 3334 1215 3403 patria

132 3414 183 3451 sua
203 3400 403 3467 remotioribus,
421 3399 532 3451 videtur
548 3397 706 3467 indagasse.

184 3482 237 3559 50)
261 3483 411 3547 Omnium
433 3505 531 3567 prope
554 3484 685 3549 annales
700 3482 836 3547 Fabium
858 3483 1045 3552 dictatorem
1058 3488 1232 3555 adversus¹

96 3566 310 3633 Hannibalem
333 3588 400 3633 rein
423 3571 561 3651 gessisse
575 3569 713 3647 tradunt,
737 3568 863 3633 Coelius
880 3570 976 3635 etiam
990 3574 1220 3656 cumprimum.
1235 3622 1240 3631 -

97 3672 118 3715 a
138 3654 256 3736 populo
288 3664 427 3719 creatum
456 3654 642 3719 dictatorem
670 3652 792 3737 scribit,
815 3691 854 3703 -
881 3656 944 3721 sed»
964 3664 995 3729 et
1017 3658 1160 3725 Coelium
1180 3669 1215 3724 et

98 3747 221 3803 ceteros
242 3740 323 3823 tugit
347 3748 405 3809 etc.
445 3740 512 3805 Liv.
533 3740 637 3823 XXlI,
661 3743 714 3811 31,

162 3822 213 3879 Off.
231 3842 303 3894 quaa
322 3826 356 3879 de
376 3829 426 3879 bac
445 3844 475 3879 re
492 3825 590 3877 Livius
610 3826 740 3895 exposuit
765 3826 857 3879 verbis
879 3826 975 3879 statim
997 3827 1211 3896 insequentibus

128 3898 158 3945 et
176 3909 199 3943 c.
217 3894 251 3961 s,
280 3903 308 3948 et
330 3894 399 3947 bene
422 3895 445 3946 is
461 3894 572 3963 quidem
591 3894 715 3949 Coelium
734 3903 897 3963 ceterosque
921 3895 949 3945 in
967 3896 1211 3962 magistratusue

128 3958 202 4013 mins
220 3979 330 4017 errasse
352 3963 559 4018 demonstravit.
588 3961 632 4015 De
651 3968 710 4014 tota
729 3962 790 4013 eins
812 3963 936 4031 magistr
951 3961 1069 4017 historia
1082 3966 1211 4031 exposuit

129 4027 263 4093 Niebuhr,
282 4032 314 4085 R.
334 4030 368 4084 G.
387 4031 408 4097 l,
426 4049 473 4099 pg.
489 4031 537 4083 ert
559 4047 619 4099 sqq.
649 4030 741 4082 Etiam
759 4031 808 4083 reli
830 4031 859 4083 ui
876 4046 971 4083 omnes
988 4048 1059 4100 quos
1076 4030 1210 4085 habemus

130 4096 190 4149 elus
213 4096 278 4151 belli
304 4101 455 4168 scriptores
483 4098 599 4151 Fabium
627 4098 791 4168 simpliciter
810 4048 978 4153 aleatorem
1002 4098 1155 4169 appellant
1177 4126 1207 4155 -τ
