2867 4650
628 324 670 388 37

65 503 207 583 guntur,
227 516 289 562 nec
303 513 379 559 vcro
401 494 543 578 „Poeni“
562 495 821 561 commemoratio
833 497 898 565 ullo
914 497 1010 562 modo
1024 495 1192 579 quominus

63 585 133 650 hoc
156 589 335 650 statuamus
357 581 471 645 obstat.

160 671 259 734 Porro
281 670 316 737 L.
341 665 440 730 (icelii
461 667 620 751 Antipatri
643 685 714 732 esse
734 667 815 732 haec
838 667 1001 735 dicuntnrt

160 754 290 832 Quintil.
308 759 332 832 l,
357 753 385 836 5,
406 754 466 818 61:
487 756 558 835 „Nc
576 752 609 817 in
631 751 791 834 aquidem
808 758 904 835 atque
925 773 940 818 s
962 754 1083 820 litteras
1106 753 1193 821 exire

68 847 194 906 temere
216 836 392 904 masculina
402 837 527 904 Graeca
539 838 668 902 nomina
683 845 768 903 recto
785 858 862 903 casu
873 839 1085 923 patiebantur,
1104 840 1192 905 ideo-

68 947 136 1007 que
162 932 194 991 et
220 926 307 1010 apud
329 923 472 988 Ocelum
501 924 637 1007 legimus
665 923 776 1008 „Pelia
799 923 1014 991 cincinnatus‘
1046 934 1078 992 et
1107 925 1194 1010 apud

68 1013 268 1086 Messallam,
292 1011 392 1092 ectt;“
413 1049 453 1058 -

161 1097 290 1174 Quintil.
310 1101 336 1173 l,
359 1099 389 1172 6,
410 1097 470 1162 42:
492 1095 721 1179 „Nequoenim
743 1095 1072 1161 tuburchinabundum
1095 1104 1126 1160 et
1146 1097 1193 1160 lu-

69 1182 371 1248 bu'rchinabundum
391 1179 457 1244 iarn
477 1181 511 1246 in
530 1181 620 1246 nobis
643 1181 810 1263 quisquam
830 1181 926 1258 ferat,
956 1182 1029 1248 licet
1053 1182 1132 1247 Cato
1154 1181 1195 1246 sit

70 1274 202 1348 auctor,
237 1287 295 1332 neo
319 1267 377 1331 lros
398 1266 534 1346 lodices,
571 1285 755 1349 quanquam
775 1267 809 1330 id
828 1268 963 1331 Pollioni
983 1270 1105 1351 placet,
1134 1287 1194 1332 nec

72 1353 233 1436 gladiola,
264 1351 351 1433 atqui
373 1352 523 1417 Messalla
546 1352 635 1432 dixit,
658 1373 717 1416 neo
746 1352 1027 1435 „„parricidatum,
1054 1353 1140 1434 quod
1161 1352 1194 1417 in

73 1438 186 1504 Coelio
207 1437 261 1502 vix
283 1437 447 1502 tolerabile
470 1437 648 1515 videtur““,
678 1457 737 1502 nee
760 1437 858 1503 collos
880 1438 958 1502 mibi
981 1437 1098 1502 Calvus
1121 1457 1192 1520 per-

72 1523 212 1590 suaserit
234 1531 265 1588 et
287 1543 315 1604 q.
337 1531 380 1588 s.“
406 1561 441 1572 -
1179 1537 1188 1554 ·

162 1608 248 1690 quod
276 1629 352 1672 num
381 1608 450 1672 iure
476 1607 595 1672 sactum
622 1613 706 1673 esset
734 1607 799 1672 iam
826 1608 997 1673 Krausium
1031 1605 1194 1670 dubitasse

73 1695 178 1759 video.
219 1695 287 1758 Imo
311 1694 478 1760 manifesto
503 1700 637 1774 utroque
658 1694 728 1780 loco
750 1695 791 1758 M.
807 1692 933 1758 Coelius
949 1691 1051 1758 Rufus
1072 1691 1193 1756 intelle-

75 1780 201 1864 gendus
231 1787 294 1861 est;
329 1779 513 1860 quodcum
545 1798 602 1861 per
630 1798 664 1843 se
693 1779 726 1843 in
755 1779 948 1855 erintiliano
977 1779 1103 1842 rhetore
1127 1775 1195 1841 veri

76 1865 177 1930 multo
201 1864 241 1930 sit
262 1863 410 1946 similius,
451 1864 516 1926 iam
543 1882 673 1947 prorsus
701 1864 779 1927 nulli
809 1864 997 1928 dubitationi
1023 1862 1196 1928 obnoxium

76 1951 135 2016 erit
158 1951 195 2032 si,
217 1951 403 2031 quibuscum
426 1947 552 2013 Coelius
573 1948 628 2013 ille
648 1967 714 2012 una
734 1949 915 2013 nominatus
936 1949 993 2027 sit,
1015 1948 1195 2014 considera-

75 2036 168 2102 veris.
215 2039 385 2100 Praeterea
416 2033 682 2117 „parricidatum“
720 2033 748 2097 si
783 2034 869 2116 apud
893 2033 1036 2098 Coelium
1062 2034 1194 2118 Antipa-

77 2129 159 2186 trum
172 2121 384 2196 Quintilianus
403 2119 542 2202 legisset,
564 2119 618 2183 vix
632 2119 727 2183 oredo
742 2125 808 2182 tam
826 2118 1024 2183 intolerabile
1041 2118 1070 2181 ci
1091 2118 1194 2182 visum

77 2227 155 2291 esse,
180 2207 266 2289 quod
289 2226 367 2270 sane
388 2205 489 2272 videri
512 2206 649 2270 debebat
670 2205 702 2268 in
726 2203 833 2268 Coelio
846 2204 930 2269 Rufo
954 2202 1113 2269 Ciceronis
1133 2202 1195 2268 dis·

78 2295 199 2379 cipeto,
223 2299 254 2358 et
274 2292 465 2357 locutionem
483 2291 593 2376 „Pelia
608 2289 832 2371 cincinnatus“,
854 2289 897 2355 ad
915 2289 1106 2355 comicorum
1120 2309 1196 2353 ana-

77 2381 196 2463 logiam
217 2380 341 2459 fictam,
368 2378 457 2441 illum
481 2378 609 2459 quidem
631 2396 812 2458 nunquam,
841 2377 926 2442 hune
947 2377 981 2441 in
1002 2374 1197 2445 orationibus

78 2466 142 2531 suis
165 2464 351 2549 saepissime
372 2483 528 2546 usurpare
548 2463 689 2548 potuisse
710 2462 843 2544 quisque
863 2462 959 2528 videt.

163 2550 259 2635 Apud
283 2551 367 2614 Fest.
398 2569 451 2633 pg.
483 2550 554 2613 158.
586 2568 609 2614 s.
639 2568 669 2613 v.
691 2548 878 2612 Mamertini.
907 2548 1007 2631 longa
1037 2544 1196 2629 quaedam

81 2637 220 2701 narratio
242 2636 408 2710 invenitur,
432 2654 511 2716 qua,
533 2634 620 2698 unde
639 2633 818 2698 Mamertini
840 2633 994 2716 originem
1018 2651 1198 2713 nomenque

81 2722 254 2791 duxissent.
277 2721 410 2804 scriptor
432 2720 561 2801 quidam
585 2719 741 2802 exposuit,
767 2719 969 2801 quiquidem
990 2718 1023 2783 in
1044 2718 1106 2782 fine
1125 2738 1197 2781 nar-

81 2806 211 2872 rationis
234 2806 284 2872 his
314 2806 419 2871 verbis
447 2806 655 2887 significatur:
692 2804 801 2887 „cuius
829 2804 979 2870 historiae
1009 2809 1121 2869 auctor
1149 2808 1198 2868 est

81 2892 179 2958 Alfius
197 2892 277 2957 libro
301 2892 402 2975 primo
426 2891 499 2955 belli
517 2890 816 2971 Carthaginiensis‘.
838 2929 882 2939 -
901 2893 964 2955 Pro
976 2889 1049 2954 Alfii
1071 2889 1199 2953 nomine

82 2978 272 3063 Nipperdey.
296 2977 404 3041 Philol.
427 2980 448 3042 t.
461 2976 515 3041 VI.
534 2996 587 3058 pg.
602 2977 681 3050 133,
704 2976 904 3039 scribendum
914 2976 1081 3058 proposuit
1099 2973 1198 3051 „an-

82 3064 175 3147 lius“;
200 3062 250 3130 cui
272 3080 332 3145 ego
363 3060 515 3125 adsentiri
536 3080 599 3124 non
625 3078 767 3143 possum.
812 3061 888 3125 Sive
909 3060 992 3123 enim
1012 3061 1111 3125 verba
1132 3059 1198 3137 illa,

83 3155 117 3213 ut
136 3169 219 3215 nune
238 3150 399 3231 leguntur,
438 3166 479 3210 ex
506 3146 599 3211 huius
621 3164 719 3228 opere
746 3164 833 3210 merc
858 3144 1064 3227 transscripta
1093 3149 1197 3226 putas,

84 3235 150 3301 sive
179 3234 329 3301 aVerrio
354 3234 468 3297 Flacco
498 3232 549 3297 vel
576 3233 673 3296 Festo
704 3231 749 3295 ita
776 3236 942 3315 excerpta,
978 3235 1012 3293 ut
1039 3248 1198 3293 summam

84 3325 206 3385 tanturn
219 3338 335 3402 eorum,
359 3338 441 3398 quae
463 3318 496 3382 in
518 3318 588 3403 ipso
610 3335 706 3400 opere
726 3317 844 3400 scripta
864 3316 988 3395 fuerint,
1007 3315 1201 3379 habeamus:

85 3404 210 3469 omnino
232 3404 324 3501 plura
346 3410 426 3487 sunt,
451 3423 547 3484 quam
560 3422 643 3485 quae
656 3402 807 3479 Coelium,
830 3403 884 3483 qui
905 3401 1022 3466 bellum
1036 3404 1114 3465 Pun.
1136 3398 1199 3484 pri-

85 3508 170 3554 mum
192 3488 292 3552 obrter
313 3494 435 3552 tantum
458 3493 489 3551 et
507 3494 661 3569 tanquam
683 3488 890 3572 praefationis
915 3487 985 3552 loco
1008 3506 1199 3564 commemo-

86 3580 176 3651 raret,
200 3572 386 3657 exposuisse
408 3572 732 3655 crederepossum,
759 3609 799 3621 -
831 3593 871 3637 nc
889 3573 953 3638 iam
977 3574 1038 3638 hoe
1056 3590 1199 3656 urgeam,

86 3660 168 3742 quod
188 3660 269 3724 mira
287 3658 342 3722 illa
365 3659 469 3743 operis
491 3658 651 3741 inscriptio
679 3660 721 3723 ad
751 3658 892 3724 Coelium
921 3658 1030 3724 reterri
1060 3658 1116 3722 vin
1142 3677 1200 3741 po-

87 3751 213 3830 test--3
237 3745 263 3810 si
275 3744 353 3808 illud
368 3744 489 3820 statuis,
517 3745 622 3808 obstat
645 3744 750 3828 etiam,
774 3744 859 3826 quod
878 3745 999 3809 nullum
1021 3742 1116 3827 prisci
1136 3762 1199 3807 ser-

87 3834 185 3896 monis
208 3830 378 3913 vestigium
399 3830 432 3893 in
456 3849 495 3895 aa
517 3829 701 3895 narratione
722 3830 889 3895 invenitur.
924 3830 1015 3906 Quae
1037 3828 1152 3912 omnia,
1174 3826 1203 3891 si

89 3918 122 3985 L.
143 3918 342 3999 Arruntium,
371 3915 600 3981 Sallustianum
618 3914 721 3991 illum,
745 3916 798 3997 qui
820 3916 892 3980 belli
911 3914 1022 3979 Punici
1040 3914 1133 3997 primi
1154 3913 1201 3975 hi-

87 4000 213 4069 storiam
233 4002 357 4087 scripsit
379 4002 467 4090 (Sen.
492 4022 540 4084 ep.
567 4002 649 4086 112),
670 3999 893 4083 intellegimus,
913 4001 993 4065 bene
1016 4018 1050 4064 se
1073 3998 1200 4080 babent,

88 4087 224 4152 maxime
245 4088 281 4169 si,¹
302 4088 335 4152 id
358 4088 443 4169 quod
464 4086 650 4172 Nipperdey
670 4087 688 4151 l.
702 4085 724 4156 l.
736 4106 789 4171 pg.
805 4086 874 4150 139.
895 4103 1106 4167 magnacum
1127 4102 1201 4168 pro·

89 4172 248 4238 habilitate
271 4174 413 4254 coniecit,
436 4173 487 4237 hic
501 4172 537 4235 L.
552 4172 719 4240 Arruntius
741 4192 806 4236 non
829 4172 887 4235 tuit
908 4171 935 4236 is
958 4170 1021 4252 qui,
1043 4170 1152 4234 consul
1172 4189 1201 4237 a.

90 4280 119 4344 p.
141 4256 213 4327 Chr.
237 4280 266 4328 n.
288 4258 324 4343 6,
348 4278 376 4328 a.
393 4259 446 4328 37.
468 4262 611 4324 mortuus
633 4264 694 4343 est,
729 4278 823 4341 quem
844 4275 942 4340 saepe
965 4255 1094 4322 Tacitus
1117 4274 1202 4320 com-
