2867 4650
648 237 692 302 ,5

113 405 211 474 Cincii
231 406 365 472 annales
387 406 464 486 quin
482 404 527 470 'ad
548 424 628 489 opus
651 420 743 471 snum
765 405 1019 489 componendum
1040 408 1227 495 adhibuerit,

112 499 167 558 aut
189 500 274 558 certe
296 493 419 558 noverit
443 492 485 556 ad
507 510 626 572 eosque
648 493 832 575 respexerit,
856 492 986 556 dubium
1008 513 1153 560 essenon
1169 515 1227 580 po-

115 585 193 663 test;
230 598 271 644 ex
293 579 333 642 M.
357 584 463 644 autem
486 578 590 642 Porcii
619 577 751 642 Catonis
774 577 948 659 originibus
979 597 1051 642 enm
1083 581 1228 646 hausisse

116 664 178 747 ipsi
197 683 296 747 supra
318 664 456 729 vidimus
479 669 510 728 et
531 663 671 747 Gellius,
703 662 837 744 nequis
865 681 943 726 casu
967 668 1092 729 tantum
1113 681 1227 732 ‘eorum

116 751 213 815 verba
234 755 324 827 tanto
345 769 440 832 opere
460 748 541 812 inter
563 768 598 814 se
620 769 796 832 congruere
817 748 1028 832 existimaret,
1050 759 1160 834 aperte
1183 752 1229 815 di-

116 837 170 902 xit.
208 836 298 900 ldem
319 835 387 899 sine
409 833 504 899 dubio
526 835 614 899 novit
645 835 847 918 inspexitque
869 833 902 898 O.
925 834 1018 899 Acilii
1039 837 1228 920 Glabrionis,

115 923 152 988 A.
174 920 328 986 Postumii
350 921 465 1000 Albini,
490 921 526 984 L.
549 917 711 1003 Calpurnii
733 920 867 1003 Pisonis,
890 921 926 984 L.
951 919 1054 986 Cassii
1075 924 1231 988 Heminae

119 1008 251 1072 annales
272 1015 346 1070 ante
369 1026 442 1072 suos
466 1005 563 1088 ipsius
587 1007 704 1090 editos,
735 1007 814 1090 legit
838 1005 936 1069 etiam
958 1006 1099 1071 Marcelli
1120 1008 1231 1073 lauda-

24 1141 31 1148 ,
117 1093 231 1160 tionem
247 1113 267 1156 a
282 1091 345 1156 filio
361 1091 520 1175 scriptam,
533 1091 727 1170 undehaud
748 1099 866 1156 temere
886 1091 1014 1156 omnino
1037 1112 1110 1157 eum
1132 1113 1231 1174 qnan-

120 1187 186 1246 tum
209 1186 318 1262 posset
339 1197 379 1242 ex
401 1176 593 1244 familiarum
621 1177 855 1243 commentariis
883 1177 1028 1242 hausisse
1055 1179 1232 1264 colligitur,

117 1285 175 1329 nec
196 1263 323 1348 publica
348 1283 430 1344 quae
454 1269 617 1327 exstarent
638 1272 845 1328 monumenta
866 1282 938 1327 eum
966 1264 1147 1346 neglexisse
1166 1284 1234 1330 cre-

118 1349 211 1414 dibile
235 1356 291 1414 est.
334 1351 392 1434 At,
425 1348 540 1412 dixerit
562 1349 734 1432 quispiam,
771 1348 804 1412 hi
829 1355 938 1412 tamen
965 1368 1076 1415 omnes
1095 1353 1234 1417 Romani

120 1436 252 1520 fuerunt,
276 1435 384 1516 itaque
404 1433 473 1498 fieri
492 1453 596 1516 paene
618 1435 756 1500 debebat
775 1440 810 1498 ut
831 1434 880 1498 his
902 1453 1091 1516 quacunque
1111 1437 1235 1502 ratione

120 1521 215 1586 nimis
235 1522 365 1586 faveret
410 1519 512 1599 Quod,
535 1538 719 1601 quanquam
742 1540 803 1603 ego
825 1538 953 1601 quoque
980 1521 1103 1603 patriae
1127 1541 1238 1587 amore

120 1614 236 1673 nature
256 1607 350 1672 insito
373 1605 423 1670 hic
442 1606 506 1670 illio
526 1606 662 1671 fortasse
682 1606 715 1670 in
736 1605 896 1670 narrando
919 1625 991 1670 eum
1007 1607 1135 1672 ductum
1150 1627 1236 1673 com:

123 1700 306 1773 motumque
330 1693 427 1756 t'uisse
448 1711 512 1756 non
535 1711 627 1777 nego,
651 1701 758 1756 tamen
772 1711 813 1756 ne
824 1691 929 1756 dicam
946 1694 1074 1757 omnino
1090 1715 1153 1759 non
1165 1713 1237 1760 esse

122 1779 249 1864 factum,
272 1777 329 1843 sed
346 1779 502 1842 hoocertc
514 1787 704 1859 argumento
724 1777 933 1843 demonstrari
951 1797 1015 1842 non
1034 1778 1116 1844 lieet.
1136 1781 1236 1845 Nam·

121 1884 182 1946 que
204 1872 235 1930 et
257 1864 373 1930 diserte
397 1881 415 1926 e
437 1862 536 1927 Silam
548 1863 573 1946 1)
597 1883 693 1947 opere
712 1864 858 1929 hausisse
869 1863 1012 1943 traditur,
1030 1866 1085 1945 qui
1097 1864 1235 1946 quidem,

121 1951 263 2032 aequalis
285 1969 322 2014 ac
345 1967 452 2014 eomes
473 1949 680 2032 Hannibalis,
715 1948 956 2032 diligentissime
985 1949 1053 2015 eius
1083 1971 1138 2017 res
1160 1952 1234 2017 scri-

121 2037 235 2120 psisset
254 2036 361 2115 itaque
376 2032 467 2114 quasi
479 2035 650 2099 alterarum
663 2035 801 2117 partium
821 2053 936 2099 causas
957 2034 1044 2118 apud
1064 2055 1100 2101 se
1115 2044 1234 2122 ageret,

120 2123 207 2187 cuius
238 2121 333 2186 etiam
363 2119 416 2185 ubi
446 2141 562 2186 nomen
589 2119 733 2184 additum
761 2141 826 2185 non
854 2122 896 2184 sit
917 2121 1054 2202 vestigia
1076 2123 1234 2202 quaedam

120 2209 152 2274 in
173 2207 274 2273 Ocelii
295 2206 481 2289 fragmentis
503 2206 681 2271 invenimus
712 2206 761 2285 (ef.
784 2205 927 2287 Bujaek,
961 2205 1002 2270 de
1024 2206 1133 2273 Sileno
1159 2209 1234 2273 seri·

120 2307 209 2379 ptore
223 2291 418 2377 Hannibalis,
441 2292 621 2376 Regimont.
637 2293 751 2377 1859„
773 2299 805 2357 et
819 2291 924 2357 adhuc
937 2293 1117 2375 fragmenta
1139 2312 1234 2374 quae

122 2381 196 2445 dam
217 2380 250 2443 in
272 2380 365 2443 rebus
386 2376 489 2442 dubiis
511 2398 583 2442 eum
608 2398 673 2443 non
691 2379 737 2443 sic
758 2385 876 2443 temere
899 2377 1072 2462 iudicasse,
1096 2380 1154 2443 sed
1175 2381 1235 2445 cri-

122 2466 185 2533 tica
208 2473 276 2529 arte
297 2464 439 2529 adhibita
460 2482 542 2543 quae
564 2464 708 2529 omnibus
726 2464 902 2530 rationibus
919 2463 1088 2546 diligenter
1101 2485 1235 2549 perpen-

124 2552 166 2617 sis
205 2570 282 2615 vera
318 2550 378 2615 sibi
411 2550 592 2614 viderentur
628 2550 832 2633 proposuisse
865 2555 976 2632 aperte
1009 2549 1237 2617 demonstrant.

122 2640 270 2717 Namque
292 2656 333 2701 ne
353 2643 494 2719 repetam
518 2654 557 2700 ea
579 2654 661 2715 quae
684 2656 782 2719 supra
802 2633 845 2699 ad
866 2635 978 2717 fragm.
1000 2635 1050 2700 52.
1070 2636 1153 2720 dixi,
1176 2657 1236 2703 neu

124 2724 229 2806 ipsum
253 2722 312 2786 hoc
335 2720 562 2803 negligendum
583 2730 644 2805 est,
679 2721 765 2803 quod
794 2721 939 2801 quamvis
958 2722 1125 2787 Romanus
1153 2729 1238 2787 esset

125 2816 156 2873 et
178 2828 251 2873 cum
274 2827 313 2872 ea
335 2818 430 2889 gente
445 2808 496 2871 vel
518 2807 623 2887 aliquo
645 2808 740 2873 modo
761 2805 945 2872 coniunctus
966 2805 1064 2871 fuisse
1083 2807 1237 2893 videatur,

124 2902 232 2959 tamen
254 2894 288 2958 P.
314 2891 470 2974 Scipionis
496 2892 529 2957 in
550 2892 671 2975 proelio
694 2893 738 2957 ad
749 2892 894 2957 Ticinum
914 2893 1032 2957 servati
1054 2892 1150 2959 decus
1172 2914 1236 2959 non

125 2979 168 3045 ad
188 2980 305 3062 lilium,
330 2976 415 3057 quod
435 2977 547 3058 reliqui
568 2997 678 3042 omnes
700 2978 864 3060 fecissent,
892 2976 949 3041 sed
971 2977 1014 3041 ad
1034 2980 1237 3061 peregrinum

127 3066 286 3147 quendam
313 3062 473 3129 hominem
503 3080 638 3143 eumque
665 3062 839 3126 humillimo
869 3062 939 3126 loeo
968 3067 1096 3143 natum,
1129 3073 1238 3149 utpote

127 3152 213 3233 quod
234 3150 339 3216 verius
361 3168 431 3213 esse
453 3168 641 3233 persuasum
660 3148 802 3230 baberet,
827 3146 989 3229 delegavit
1016 3147 1144 3231 (fragm.
1165 3152 1237 3234 48),

127 3246 159 3302 et
179 3238 247 3301 iure
267 3238 376 3302 Nauta
396 3254 449 3317 pg.
474 3236 522 3303 16.
545 3254 617 3299 cum
638 3233 678 3298 dc
698 3234 762 3299 fide
775 3232 884 3298 Coelio
896 3232 1045 3296 habenda
1058 3243 1240 3319 exponeret,

127 3323 247 3407 primus
282 3321 349 3385 eius
386 3322 600 3403 fragmentum
643 3322 717 3401 (30.)
760 3317 865 3383 attulit
902 3318 989 3399 quod
1032 3317 1148 3400 legitur
1189 3341 1239 3403 ap.

128 3410 224 3474 Prisc.
247 3408 339 3491 VIII,
364 3407 393 3490 9,
418 3408 474 3470 18;
500 3425 562 3490 „ex
581 3405 704 3490 seriptis
727 3424 834 3470 eorum
858 3404 912 3484 qui
933 3402 1001 3468 veri
1021 3403 1241 3489 arbitrantur“,

199 3632 218 3699 ¹)
237 3630 329 3683 Etiam
348 3628 468 3698 reliquos
486 3626 545 3681 eius
562 3625 643 3697 quasi
660 3623 780 3695 generis,
810 3623 888 3675 cuius
908 3622 1037 3693 princeps
1054 3622 1163 3679 Silenus
1179 3624 1242 3694 fuit,

130 3700 289 3769 scriptores,
312 3698 431 3751 Sosilum
450 3696 567 3750 maxime
584 3700 612 3749 et
629 3693 792 3758 Chaeream,
814 3692 1039 3761 Xenophontem,
1062 3693 1242 3761 Eumachum,

131 3774 196 3821 ante
214 3767 308 3821 oculos
326 3765 451 3819 Coelium
475 3764 605 3818 habuisse
627 3762 707 3817 certis
736 3760 906 3839 argumentis
928 3762 1109 3816 demonstrari
1131 3762 1243 3832 quidem

131 3853 188 3889 non
204 3841 303 3915 potest,
322 3836 370 3888 sed
386 3852 473 3889 unum
489 3834 647 3898 alterumve,
664 3829 800 3898 imprimis
818 3828 950 3898 Sosilum,
968 3848 1031 3884 eum
1047 3831 1168 3898 novisse,
1185 3832 1244 3884 veri

130 3912 206 3959 certe
224 3910 266 3957 est
280 3903 375 3957 sumile.
393 3901 428 3955 cf.
447 3908 520 3955 etam
534 3902 616 3955 Peter
632 3900 725 3952 ll-
745 3900 849 3951 Contra
857 3897 1008 3967 Polybium
1024 3898 1116 3967 ipsum
1132 3899 1244 3970 quidem

131 3972 250 4027 fortasse
270 3972 431 4026 adolescens
442 3972 547 4024 Romae
564 3969 640 4038 apud
651 3966 779 4021 Laelium
790 3966 860 4019 vidit
876 3967 1072 4038 cognovitque3
1090 3969 1163 4021 hunc
1178 3984 1243 4020 vero

133 4042 283 4164 quominug
307 4046 461 4094 statuamus
493 4056 565 4091 eum.
586 4042 711 4091 secutum
741 4052 813 4102 esse,
849 4035 992 4107 utriusque
1020 4036 1112 4104 operis
1139 4041 1244 4089 'natura

132 4116 263 4181 aperteo
284 4116 347 4165 stat.
