2867 4650
685 259 715 328 9.

138 436 332 524 Pomponius
356 434 434 521 (dig.
456 435 481 521 I,
503 439 524 506 t.
547 432 589 500 11.
612 435 632 517 ξ
652 433 736 514 40.);
755 431 833 520 „scd
854 430 944 519 plus,
966 427 1081 518 inquit,
1101 425 1251 528 eloqueri-

137 526 200 591 tiae
220 545 315 610 quam
338 522 413 589 iuris
436 521 587 588 scientiae
617 541 746 604 operam
769 519 886 586 ocditr‘
929 519 995 584 Sed
1015 515 1181 582 commode
1202 519 1249 578 m*

139 618 187 676 ter
209 629 244 676 so
267 607 416 692 coniungi
430 614 572 691 possunt,
595 606 780 692 siquidem,
802 605 857 693 qni
870 604 986 671 inerint
1005 601 1124 688 illi,qui
1140 599 1187 666 sie
1209 597 1253 678 da

138 696 249 763 Coelio
270 694 454 770 iudicarent,
477 701 561 758 recte
589 691 807 761 considerans.
843 691 892 756 Et·
905 689 1100 773 Pomponius
1119 685 1251 772 quidem

135 789 288 880 tanquam
320 799 425 844 merus
458 778 716 862 iurisconsultus,
761 784 796 842 ut
834 778 880 842 ita
919 775 1041 858 dicam,
1080 773 1143 838 tert
1177 789 1251 836 sens

13 937 15 942 ,
136 875 268 932 mnsam
285 863 490 950 usqueadeo
512 864 676 941 acerbam,
699 884 770 929 cum
791 869 900 928 mmen
921 861 1003 926 inter
1020 856 1251 924 summoseiur

136 951 254 1017 ordinis
276 949 361 1016 viros
376 949 519 1016 Coelium
540 949 740 1027 enumerarit,
763 959 795 1012 et
814 950 858 1014 sio
879 945 1110 1031 explicandam,
1132 949 1167 1007 ut
1175 961 1252 1006 eum

135 1054 200 1102 non
228 1038 332 1120 ipsum
358 1034 484 1121 quidem
524 1035 609 1101 dieat
642 1043 698 1100 aut
726 1042 942 1101 accusatorem
970 1038 1038 1097 aut¹
1054 1030 1253 1095 defensorem
1350 1035 1353 1040 ’

135 1141 249 1188 causas
272 1121 376 1204 egisse
414 1157 452 1170 -·
483 1120 582 1206 (quod
603 1121 630 1187 si
651 1120 771 1186 factum
791 1126 904 1203 esset,
927 1119 1036 1186 Cicero
1059 1136 1131 1182 eum
1153 1111 1253 1178 uomi-

136 1214 245 1274 uasset
264 1207 345 1271 inter
365 1212 524 1290 oratores,
559 1225 618 1271 nec
637 1206 859 1271 tantummodo
887 1213 1040 1291 tanquam
1067 1201 1253 1283 scriptorem

138 1292 312 1370 laudasset)
337 1329 379 1338 -
402 1292 460 1356 sed
479 1291 524 1355 ita
543 1299 593 1374 ut,
615 1293 760 1376 quamvis
780 1292 894 1357 ceteris
913 1293 975 1356 illis
992 1289 1069 1353 iuris
1091 1286 1254 1384 aliquanto

138 1379 241 1442 minus
263 1374 381 1460 peritus
402 1381 493 1460 esset,
514 1395 587 1440 eum
608 1376 770 1442 auditores
791 1397 866 1442 suos
885 1398 950 1458 nou
962 1375 1066 1457 magis
1086 1371 1129 1438 ad
1149 1380 1252 1454 1psam

137 1481 213 1539 ram,
233 1462 253 1526 i.
275 1466 301 1526 e.
324 1460 499 1526 admeram
519 1459 808 1546 iurisprudentiam,
829 1461 1002 1528 instituisse
1021 1458 1253 1540 intellegamus,

139 1567 233 1632 quam
265 1546 308 1610 ad
337 1546 386 1630 id,
425 1547 510 1632 quod
538 1546 634 1612 ceteri
663 1547 729 1611 sere
750 1569 815 1614 non
836 1547 992 1629 facerent,
1029 1552 1066 1610 ut
1090 1549 1191 1611 artem
1215 1540 1254 1605 il·

137 1635 201 1698 lam
223 1632 319 1697 etiam
341 1632 482 1698 oratione
502 1669 543 1680 -··
566 1639 601 1697 ut
615 1632 784 1719 Ciceronis,
806 1633 847 1698 de
869 1653 912 1699 or.
927 1635 954 1715 1,
976 1632 1036 1715 55,
1056 1628 1161 1695 verbis
1180 1632 1253 1692 utar

139 1757 177 1768 -
201 1725 443 1802 exaggerarent.
485 1718 629 1782 Alterum
652 1725 776 1804 antem,
811 1718 987 1803 Ciceronis,
1023 1714 1175 1781 iudicium
1202 1715 1254 1777 est

128 1803 283 1884 ,hominis
305 1803 360 1888 qui
380 1804 412 1867 in
432 1822 590 1869 merorum
607 1803 898 1871 iurisconsultorum
909 1824 1041 1869 numero
1056 1823 1120 1867 non
1133 1799 1251 1864 haten-

137 1889 197 1954 dus
215 1889 272 1972 sit,
305 1887 363 1954 sed
383 1895 489 1954 orator
511 1888 680 1953 oratoriam
701 1891 841 1955 maxime
861 1897 962 1956 artem
984 1886 1172 1973 respexerit3
1192 1883 1251 1948 ita·

138 1992 199 2058 qne
222 1994 286 2040 non
306 1971 467 2038 diversum
482 1973 642 2060 quiddam,
665 1975 730 2038 imo
752 1976 847 2058 plane
867 1977 951 2040 idem
966 1973 1125 2042 Ciceronis
1145 1969 1249 2051 laude,

138 2059 223 2145 quod
241 2059 417 2143 Pomponii,
441 2059 468 2123 si
486 2058 613 2144 quidem
637 2059 682 2124 sic
703 2079 776 2124 eam
791 2061 898 2126 uocari
918 2061 998 2145 lieet
1020 2057 1257 2142 vituperatione

137 2144 261 2209 videtur
273 2143 452 2226 significari.
487 2145 556 2208 Hac
577 2145 648 2228 ipsa
669 2151 787 2228 autem,
833 2167 875 2210 ua
885 2147 935 2211 ius
948 2151 1107 2228 tractaret,
1129 2142 1253 2207 ratione

138 2230 266 2296 Coelius
287 2229 374 2294 haud
404 2229 533 2314 paulum
565 2251 629 2296 non
660 2231 757 2296 modo
789 2168 832 2296 ad
859 2232 926 2296 eius
959 2230 1160 2314 disciplinae,
1193 2224 1251 2290 sed

137 2315 268 2381 omnino
292 2315 334 2380 ad
346 2315 530 2381 Latinarum
549 2315 724 2383 litterarum
737 2338 942 2402 progressum
967 2317 1092 2382 videtur
1113 2311 1256 2386 valuisse

138 2402 340 2485 maximeque
363 2400 395 2466 in
413 2400 604 2467 instituendo
624 2403 660 2468 L.
673 2403 789 2470 Crasso
809 2424 882 2469 eam
903 2404 1053 2469 habuisse
1072 2402 1146 2483 vim,
1169 2408 1205 2465 ut
1224 2397 1253 2461 is

137 2488 373 2573 „eloquentium
394 2486 482 2552 fieret
494 2486 808 2570 iurisperitissimus.“
831 2489 893 2554 Vix
907 2491 991 2554 enim
1008 2488 1145 2566 dubitari
1156 2489 1253 2572 posse

139 2574 301 2657 existimo,
357 2572 411 2637 uin
439 2592 565 2639 summa
593 2593 701 2641 eorum
732 2595 814 2660 quae
842 2577 992 2659 leguntur
1016 2576 1103 2659 apud
1126 2573 1187 2638 Oia.
1211 2572 1252 2637 de

140 2678 183 2723 or.
201 2658 224 2743 1,
245 2658 296 2739 55,
316 2593 515 2723 adoperiam
535 2658 702 2725 referenda
716 2660 772 2739 sit3
793 2682 856 2747 quo
869 2661 996 2747 quidem
1018 2662 1088 2728 loco
1107 2660 1251 2742 Crassus,

140 2764 211 2809 cum
234 2745 271 2811 P.
293 2743 389 2811 Mucii
411 2744 595 2821 Scaevolae,
620 2746 669 2811 oui
687 2746 824 2829 primum
847 2767 882 2812 se
904 2746 1058 2824 dedisset,
1083 2753 1183 2811 artem
1204 2743 1251 2808 in-

142 2828 284 2892 dotatam
305 2835 399 2913 atque
419 2829 612 2913 incomptam
636 2851 707 2897 esse
727 2831 873 2917 vidisset,
906 2833 971 2897 iam
993 2839 1061 2897 tum
1089 2869 1131 2881 -
1154 2826 1255 2895 Oodrt

142 2912 209 2977 siue
231 2912 325 2977 dubio
349 2914 533 2979 auctoritate
556 2922 650 3000 atque
671 2918 818 3001 exemplo
841 2925 1017 2984 commotus
1039 2955 1080 2965 --
1102 2916 1136 2981 id
1155 2913 1252 2999 potis-
1363 2922 1367 2927 “

140 2996 255 3062 simum
280 2998 473 3081 appetivisse
494 2998 614 3077 dicitur,
638 3007 672 3065 ut
692 3003 859 3067 verborum
872 3004 946 3069 dote
958 3024 1028 3069 eam
1046 3002 1254 3085 locupletaret

138 3094 234 3169 atque
255 3090 383 3149 ornaret
404 3090 436 3149 et
457 3083 598 3149 oratione
619 3093 847 3171 exaggeraret,
879 3087 925 3153 ita
942 3095 977 3152 ut
996 3089 1037 3152 de
1058 3089 1100 3151 M.
1123 3084 1253 3153 Antonii

139 3169 294 3235 sententia
313 3168 365 3233 vel
385 3168 516 3233 nimium
530 3168 681 3255 quiddam
704 3172 776 3235 huic
793 3172 952 3238 tribueret.
963 3210 1004 3224 --
1021 3172 1086 3237 Sed
1101 3172 1165 3235 iam
1179 3188 1250 3235 cum

139 3254 205 3319 eius
219 3253 315 3322 studii
327 3274 386 3319 nee
408 3262 614 3320 monumenta
633 3277 692 3322 neo
708 3257 888 3325 testimonia
909 3260 1001 3342 plura
1011 3258 1193 3340 habeamus,
1216 3256 1251 3321 in

141 3340 190 3405 his
218 3340 482 3425 acquiescendum
501 3341 826 3429 proficiscendumque
853 3345 944 3412 uobis
972 3345 1031 3409 erit
1051 3342 1095 3408 ad
1123 3341 1165 3425 id,
1188 3362 1253 3428 que

141 3444 282 3490 summas
305 3426 460 3509 quasdam
481 3426 593 3491 laudes
615 3427 741 3495 Ocelim
762 3430 823 3496 sibi
842 3430 1014 3515 paraverit,
1035 3428 1208 3495 historiam.

224 3509 390 3576 Nitebatur
411 3518 517 3577 autem
537 3512 617 3578 haee
637 3513 737 3580 Caelii
756 3515 827 3581 laus
845 3519 980 3601 opere1)
997 3516 1040 3580 'in
1062 3521 1193 3599 septem,
1215 3519 1253 3578 ut

141 3594 274 3673 videtur,
294 3595 391 3662 libros
414 3597 620 3680 distr·ibuto,²)
644 3602 729 3687 quod
749 3601 872 3687 scripsit
894 3600 1087 3684 dehistcria
1100 3600 1175 3667 belli
1188 3600 1249 3665 Pu-

140 3850 146 3865 ·
211 3783 230 3851 ¹)
248 3783 379 3848 Quamvis
397 3784 469 3864 enim
486 3784 545 3839 eius
554 3788 636 3865 modo
655 3788 819 3857 „historiae“
831 3791 915 3843 modo
932 3788 1078 3855 ‚prumam
1095 3786 1254 3856 laudentur,

138 3851 168 3933 ld
185 3866 270 3906 unum
290 3866 360 3923 opus
376 3851 536 3974 firrssa,·fiqui
554 3853 708 3911 lrtterarnm
727 3858 893 3939 Latinamm
907 3855 1052 3937 historiam
1068 3855 1160 3922 norit,
1175 3856 1254 3937 qltrq

139 3920 592 4043 vrslietboesffiqglhqopsrqqqfiequtur,
611 3926 685 3995 quod
701 3943 783 3996 saepe
804 3926 964 3996 srmphcrter
980 3928 1082 3978 ortatur
1099 3924 1251 3991 ‚scensas
1289 3974 1293 3982 ,

137 4004 170 4135 v?
198 4027 229 4135 Ἰ)
246 4056 302 4137 Tot
318 4032 449 4138 saltem⁷a
464 4058 603 4112 ueteribus
619 4059 672 4113 seri
692 4059 799 4113 toribus
818 4061 978 4130 laudantur,
1004 4078 1038 4115 ex
1053 4076 1124 4131 quc,
1143 4063 1175 4110 ut
1192 4074 1251 4112 nes

137 4139 249 4196 prssrme
270 4142 299 4179 m
321 4126 454 4181 eiusmodi
478 4126 588 4198 seriptis
604 4127 663 4191 acci
683 4127 719 4196 it,
744 4128 828 4182 etiam
847 4129 931 4183 huius
950 4130 1060 4195 omnino
1077 4128 1171 4200 plures
1193 4142 1252 4197 aeq
