2867 4650
115 401 153 456 sit
171 417 268 458 necne.
308 401 405 472 Quod,
431 421 495 460 eum
515 421 549 460 ex
576 403 650 459 omni
671 402 799 459 lectionis
825 401 961 458 renotata
988 405 1043 460 laoc
1060 408 1197 476 apparete

116 457 258 539 videatur,
285 471 435 526 llitteram
460 474 553 544 aliquo
579 471 661 526 modo
688 488 752 526 cum
776 472 856 544 initio
875 473 994 527 nominis
1019 476 1196 540 coniunctam

115 537 217 607 fuisse,
232 555 285 610 ego
303 543 408 594 servari
426 541 528 596 malim.
545 572 579 581 -
598 540 693 594 Facile
709 548 802 594 autem
821 557 855 594 ex
873 540 942 608 ipsis
958 542 1031 596 Livii
1045 543 1137 597 verbis
1154 543 1194 597 in-

114 605 356 678 tellegitur,'eam,
371 641 401 648 -
417 626 501 681 quam
513 612 541 664 in
556 608 842 677 antecedentibuslde
851 607 980 662 Marcelli
998 617 1085 665 morte
1095 626 1196 682 propo·

111 677 212 745 cuent,
238 677 426 732 narrationem
449 680 561 733 tertiam
581 677 657 730 illam
676 675 765 731 Caelii
792 693 861 731 esse.
896 676 1047 748 Polybium
1065 685 1154 746 certe,
1179 680 1197 732 l.

113 742 151 810 Χ,
168 743 210 797 32,
228 761 285 798 non
303 752 414 800 secutus
430 755 481 817 est,
499 748 566 801 licet
583 747 654 800 bene
673 763 736 799 cum
757 763 791 801 eo
807 745 883 815 quod
901 745 937 797 ad
956 765 1046 800 rerum
1062 765 1197 801 summam

112 812 216 866 attinet
233 815 406 883 consentiat3
433 816 572 883 Zonaras,
590 815 641 878 IX,
660 817 685 868 it.
711 816 836 868 namatio
861 815 971 868 brevior
994 822 1038 870 est
1060 834 1144 887 quam
1163 833 1197 870 ex

114 896 171 950 qua
187 881 257 936 certi
276 882 429 953 quidquam
448 884 544 956 colligi
562 883 666 953 possit3
691 882 840 954 Appianas
857 896 938 949 vero,
959 883 1029 949 VII,
1046 886 1088 940 50.
1110 884 1195 954 plane

122 949 206 1002 aliam
249 958 327 1005 estae
347 953 389 1005 rei
409 954 543 1008 rationem
564 952 666 1019 uadit,
684 959 714 1006 et
731 969 766 1006 ne
788 971 801 1005 a
823 951 952 1006 eculandi
990 953 1082 1008 uidem
1099 969 1193 1020 causa,

115 1019 191 1087 quod
208 967 359 1089 pictosque
385 1021 488 1076 fecisse
506 1021 602 1074 Livius
624 1027 757 1087 testatur,
781 1091 788 1102 ·
808 1020 944 1141 arcelppm
969 970 1039 1102 aicit
1056 1038 1076 1104 e
1094 1021 1196 1102 castris

118 1090 693 1224 {tsttttdtu,mititatis
709 1105 888 1212 attriti„
904 1090 1195 1229 ἱῖἓέῗᾋηῗθὲἒῗῖἓ

112 1239 173 1276 rum
190 1230 366 1280 narratarum
381 1223 467 1281 fidem
486 1227 628 1290 attineret,
644 1225 774 1293 iecerint,
791 1224 953 1280 etiamsiab
967 1226 1125 1281 homiuibus
1145 1228 1193 1299 qui

113 1291 169 1360 ipsi
186 1291 270 1344 rebus
287 1293 487 1347 interfuissent
505 1296 612 1348 consori
635 1301 681 1348 tae
699 1300 802 1360 essent,
821 1293 893 1348 bene
906 1293 947 1346 his
963 1296 1054 1349 verbis
1070 1295 1194 1351 animad-

14 1393 15 1396 =
113 1359 241 1411 vertitur.
260 1357 297 1412 ci.
316 1361 370 1414 Cic.
390 1359 469 1414 Brut.
488 1361 528 1430 16,
547 1363 589 1416 62.
631 1362 665 1415 iv.
684 1361 764 1427 VIII,
780 1363 822 1415 40,
841 1392 872 1400 -
894 1362 1082 1434 Desumptum
1100 1370 1195 1418 autem

114 1423 225 1479 videtur
246 1427 302 1482 hoc
320 1428 419 1497 fragm.
435 1447 469 1484 ex
486 1431 505 1483 l.
527 1429 562 1497 V,
585 1431 660 1500 quod
679 1431 822 1483 antecedit
839 1446 873 1482 er
889 1431 907 1484 l.
929 1429 980 1482 IV.

162 1511 219 1590 54)
257 1511 387 1576 Eisdem
409 1513 519 1580 diebus
540 1535 639 1581 naves
662 1515 827 1581 onerariae
839 1517 1019 1581 Poenorum
1039 1517 1083 1581 ad
1105 1524 1191 1582 octo-

78 1593 174 1676 ginta:
198 1593 281 1660 circa
304 1597 484 1664 Sardiniam
515 1601 557 1665 ab
584 1599 639 1666 Cn.
663 1601 795 1668 Octavio
822 1600 877 1682 qui
897 1601 1079 1684 provinciae
1099 1622 1192 1687 prae

77 1687 145 1746 erat
168 1687 289 1764 captae.
324 1682 442 1767 Captae
464 1686 590 1752 Coelius
612 1687 770 1752 frumento
792 1687 889 1752 misso
911 1685 955 1751 ad
979 1687 1193 1753 Hannibalem

76 1774 319 1848 commeatuque
332 1777 471 1851 onustas,
493 1772 638 1838 Valerius
653 1774 807 1856 praedam
822 1773 999 1849 Etruscam,
1023 1772 1193 1856 Ligurum-

75 1869 137 1932 que
166 1863 199 1916 et
225 1851 449 1920 Montanorum
481 1857 623 1939 captivos
649 1859 859 1940 Kartaginem
891 1865 1054 1940 portantes
1085 1859 1192 1926 tradit.

78 1935 146 2003 Lir.
168 1937 320 2022 XXVIII,
340 1940 388 2006 46,

144 2021 191 2076 Sic
214 2023 274 2077 iure
296 2022 362 2076 mihi
385 2023 496 2076 videtur
520 2025 664 2094 scripsisse
693 2025 833 2078 Hortalus.
864 2055 891 2064 -
915 2026 959 2078 De
983 2043 1014 2079 re
1035 2028 1105 2080 satis
1136 2029 1190 2082 leri

107 2097 262 2162 praeterea
278 2091 349 2145 nibil
365 2097 483 2146 constat.

161 2175 215 2255 55)
239 2176 401 2254 Quantum
423 2175 557 2242 militum
578 2174 765 2240 inAfricam
786 2181 1034 2258 transportatum
1056 2177 1104 2257 sit,
1127 2200 1191 2246 nou

73 2278 177 2343 parvo
197 2281 328 2330 numero
351 2262 432 2327 inter
454 2268 598 2329 auctores
625 2259 784 2345 discrepat
798 2296 806 2327 >.
819 2312 848 2326 ..
893 2259 1032 2339 Quidam
1050 2283 1115 2329 non
1134 2265 1191 2331 ad-

73 2344 177 2413 iecere
194 2368 369 2430 numerum,
392 2348 473 2413 inter
496 2366 575 2428 quos
595 2366 646 2411 me
667 2347 737 2430 ipse
758 2346 790 2412 in
810 2367 845 2411 re
867 2347 964 2412 dubia
983 2349 1060 2433 poni
1073 2350 1190 2417 malim.

78 2431 206 2497 Coelius
227 2441 262 2499 ut
284 2434 421 2501 abstinet
442 2452 588 2516 numero,
620 2432 666 2496 ita
694 2432 737 2496 ad
765 2432 953 2498 immensum
982 2436 1191 2503 multitudiuis

77 2518 216 2600 speclem
231 2526 335 2603 auget.
365 2520 517 2584 Volucres
532 2518 574 2583 ad
593 2525 709 2583 terram
723 2517 871 2601 delapsos
893 2520 1031 2585 clamore
1048 2521 1190 2600 militnm,

75 2608 172 2683 atque
194 2610 316 2671 tantam
345 2604 577 2669 multitudinem
600 2602 823 2669 conscendisse
843 2624 956 2689 naves,
985 2614 1021 2670 ut
1041 2625 1136 2673 nemo
1156 2606 1190 2673 iu

76 2690 173 2753 Italia
192 2698 248 2756 aut
269 2692 303 2755 in
325 2690 433 2755 Sicilia
452 2690 587 2772 relinqui
607 2686 775 2754 videretur.
818 2688 885 2754 Liv.
908 2691 1029 2772 XXIX,
1051 2693 1101 2757 25.

159 2793 215 2869 56)
246 2795 436 2876 Prosperam
464 2792 701 2875 navigationem
734 2790 802 2855 sine
838 2798 957 2857 terrore
984 2813 1022 2858 ao
1050 2794 1188 2859 tumultu

74 2874 172 2945 fuisse
193 2879 357 2961 permultIs
379 2878 512 2943 Graecis
535 2876 718 2959 Latinisque
737 2875 917 2941 auctoribus
938 2878 1066 2943 credidi.
1108 2880 1187 2944 (Ioe-

74 2958 134 3027 lius
162 2972 387 3045 praeterquam
410 2962 496 3044 quod
517 2982 581 3027 non
604 2968 725 3026 mersas
748 2960 893 3025 fluctibns
913 2982 1029 3047 naves,
1066 2970 1188 3030 ceteros

77 3064 188 3112 omnes
210 3051 363 3115 coelestes
392 3047 629 3129 maritimosque
650 3054 801 3128 terrores,
835 3054 995 3128 postremo
1024 3049 1188 3131 abreptam

77 3136 266 3217 tempestate
288 3135 328 3200 ab
349 3132 457 3197 Africa
478 3134 611 3197 classem
635 3131 678 3195 ad
703 3131 840 3195 insulam
861 3133 1084 3217 Aegimurum,
1113 3134 1188 3199 inde

74 3232 170 3298 aegre
197 3228 371 3285 correctum
398 3236 530 3283 cursum*
545 3217 691 3301 exponit;
727 3222 758 3279 ct
786 3234 886 3299 prope
912 3216 1030 3284 obrutis
1051 3218 1187 3283 navibus

74 3297 195 3395 ipiussu
217 3304 414 3387 imperatoris
436 3304 563 3388 scaphis
584 3301 671 3368 haud
693 3320 785 3366 aecus
815 3321 911 3382 quam
933 3305 1107 3386 naufragos
1129 3304 1186 3381 mi-

73 3382 144 3449 htes
173 3387 241 3453 siue
275 3390 370 3455 armis
401 3410 473 3455 cum
508 3388 631 3471 ingenti
659 3386 797 3451 tumultu
826 3388 859 3452 in
889 3396 1005 3455 terram
1036 3387 1184 3455 evasisse.

77 3464 146 3535 Liv.
169 3472 289 3557 XXIX,
313 3475 364 3538 27.

143 3552 187 3609 De
210 3558 325 3611 militum
350 3576 465 3613 numero
487 3557 536 3612 illo
562 3562 709 3628 praeterea
737 3554 806 3607 nibil
837 3563 963 3623 conatat3
992 3574 1026 3610 ac
1055 3575 1123 3612 sane
1145 3574 1189 3612 res

108 3630 186 3679 certo
205 3629 251 3679 vix
269 3628 374 3696 poterit
403 3626 557 3682 diiudicari.
597 3627 668 3680 Item
689 3624 737 3693 qui
753 3620 812 3676 fieri
831 3626 966 3692 potuerit,
990 3633 1022 3678 ut
1043 3631 1121 3680 tanto
1144 3642 1191 3679 ere

109 3688 222 3749 Coelius
236 3710 297 3749 eam
315 3701 433 3764 augeret
455 3701 484 3749 et
503 3696 532 3748 in
551 3694 711 3748 fabularum
734 3691 844 3745 modum
862 3703 1022 3759 exornaret,
1044 3712 1088 3747 me
1106 3643 1191 3762 piane

106 3774 163 3813 non
184 3763 349 3832 intellegere
373 3763 474 3818 fatcor.
515 3764 559 3817 De
582 3762 615 3816 fr.
639 3761 681 3815 56.
707 3778 730 3813 v.
755 3776 827 3828 quac
851 3776 936 3828 supra
954 3762 990 3813 ad
1007 3762 1040 3814 fr.
1061 3762 1103 3815 25,
1127 3779 1190 3831 pro·

110 3831 200 3895 posui.
237 3831 395 3901 Utrumque
414 3830 537 3901 pertinet
558 3831 594 3885 ad
613 3831 631 3884 l.
652 3830 706 3894 VI,
731 3844 813 3900 quern
837 3827 949 3895 quidem
973 3830 1010 3882 ab
1032 3828 1086 3883 hoc
1109 3846 1191 3897 anno,

107 3910 163 3961 quo
183 3898 277 3969 Scipio
301 3900 400 3955 consul
417 3905 509 3966 esset,
537 3900 598 3952 ince
620 3900 675 3951 isse
703 3898 748 3949 vel
774 3912 825 3965 pro
843 3903 920 3949 certo
941 3914 1045 3965 ponere
1064 3897 1138 3952 licet.
1159 3930 1189 3941 -

110 3960 153 4017 De
173 3966 257 4023 locut.
277 3985 374 4039 „nemo
394 3968 521 4022 mortal.“
542 3968 578 4021 cf.
627 3968 672 4020 cll.
690 3963 773 4030 XIII,
790 3963 832 4017 28.

157 4052 210 4133 57)
240 4055 326 4121 Duos
350 4053 463 4119 eodem
486 4051 613 4117 nomine
635 4047 926 4133 Kartaginiensium
951 4047 1046 4115 duces
1068 4050 1191 4115 duobus
1213 4063 1218 4073 ·

966 4151 984 4203 3
