2867 4650
739 283 760 352 6

191 467 443 540 enumeraretm:
463 459 595 526 nonita
615 465 764 526 aoourate
785 455 862 522 mibi
882 453 1031 522 videnter
1049 455 1163 540 egisse.
1206 458 1311 528 Multo

193 547 321 618 maioris
343 546 426 612 enim
447 544 480 610 iu
502 543 563 610 hae
584 563 619 610 ro
638 543 792 612 momenti
812 549 886 608 sunt
906 541 968 608 looi
988 541 1032 606 illi
1050 559 1131 623 quos
1144 563 1243 629 supra
1258 553 1310 612 at⁴

192 632 250 698 tuli
271 653 289 698 e
309 633 341 700 ll.
365 632 407 697 de
426 632 487 712 leg.
510 639 542 695 et
562 629 602 696 de
622 649 685 708 or.,
717 630 751 694 in
780 628 894 710 quibus
926 647 1013 693 mere
1042 625 1310 716 euronolog'nam,

191 737 286 799 quam
295 737 410 784 voeare
420 715 606 792 mibilioeat,
614 713 976 780 rationemvaloreultro
985 715 1171 797 apparetid
1179 716 1314 798 quodin

192 805 282 870 Bruti
301 803 415 886 looum,
441 807 526 866 oerte
548 800 593 866 sio
614 801 805 884 simpliciter,
828 817 893 864 non
913 797 1007 864 eadit
1047 800 1161 881 Itaque
1171 801 1307 885 Coelius,

192 897 345 970 quantum
367 905 428 970 ego
450 887 562 968 video,
586 885 707 970 sipost
730 885 889 950 Fannium
910 891 941 949 et
962 891 1036 950 aute
1057 885 1204 952 Clodiam
1227 888 1308 953 Lioi-

191 973 277 1050 nium
300 972 586 1057 Semproniumque
608 971 802 1038 Asellionem
823 969 1018 1052 nominatur,
1042 971 1182 1037 maxime
1201 979 1309 1044 autem

191 1059 218 1126 si
240 1059 355 1125 Fannii
376 1066 480 1124 aetate
502 1057 686 1124 ooniunetus
709 1056 838 1132 dioitm,
868 1062 962 1120 natos
984 1055 1090 1138 potius
1109 1075 1181 1124 esse
1201 1058 1310 1125 debuit

190 1144 273 1209 eirea
294 1164 321 1207 a.
345 1165 372 1209 a.
396 1163 425 1208 u.
448 1164 473 1208 o.
496 1143 567 1208 580.
590 1142 649 1208 Oui
667 1142 796 1223 quidem
819 1141 994 1206 sententiae
1016 1160 1119 1223 neque
1140 1151 1308 1227 praeterea

190 1227 363 1315 quidquam
384 1229 504 1304 obstat,
535 1233 566 1292 et
586 1227 679 1293 faoile
705 1227 801 1292 etiam
822 1225 1013 1311 explicatur,
1038 1244 1095 1292 eur
1116 1249 1137 1292 a
1157 1228 1310 1296 Giooroue

192 1314 224 1379 in
246 1315 343 1380 Bruto
364 1335 419 1397 eo,
454 1333 517 1394 quo
536 1313 686 1396 vidimus,
719 1314 790 1378 loeo
809 1314 991 1379 nominatus
1021 1313 1069 1382 sit
1110 1313 1237 1380 Seilioet
1254 1315 1310 1396 qui

191 1419 225 1466 re
246 1420 323 1467 vera
343 1401 412 1466 eius
432 1399 584 1480 aequales
607 1407 731 1479 essent,
762 1406 913 1480 tanquam
936 1404 1078 1464 oratores
1101 1401 1200 1466 molto
1220 1399 1307 1482 prius

191 1485 223 1550 iu
245 1486 314 1551 foro
334 1485 534 1550 expellebant
555 1484 732 1565 laudesque
754 1484 917 1550 etiamtum
939 1483 1158 1550 adolescentes
1177 1484 1238 1550 sibi
1250 1505 1307 1568 ps·

190 1572 316 1656 rabant,
340 1570 467 1636 Coelius
486 1589 572 1652 vero,
593 1569 646 1650 qui
669 1588 784 1633 oausas
803 1578 911 1634 orator
930 1589 993 1633 non
1007 1575 1126 1652 ageret,
1148 1570 1308 1636 sedonius

190 1657 292 1738 gloria
321 1675 417 1739 opere
447 1653 667 1721 tantummodo
704 1653 744 1717 de
773 1653 904 1718 historia
931 1654 1007 1719 belli
1034 1654 1147 1721 Puuioi
1176 1656 1308 1722 emundi

192 1741 325 1825 scripto,
349 1740 436 1821 quod
457 1746 565 1805 tamen
585 1737 638 1804 vel
661 1739 743 1804 ultro
763 1738 831 1805 fieri
849 1739 986 1804 debebat
1006 1746 1042 1804 ut
1061 1760 1126 1806 non
1145 1741 1227 1808 adeo
1248 1741 1306 1808 ad·

190 1827 331 1892 olesoeus
353 1825 450 1889 -id
472 1825 558 1906 quod
580 1823 707 1891 omnino
729 1825 762 1888 in
783 1843 888 1889 rerum
910 1833 1072 1908 gestam
1101 1827 1307 1911 scriptoribus

188 1912 306 1976 laetum
335 1930 406 1977 esse
436 1914 552 1978 seimus
581 1949 621 1962 -
652 1909 761 1976 ederet
788 1915 822 1975 et
850 1911 1147 1994 ponderemur
1172 1920 1305 1979 mortem

190 1998 317 2062 demum
336 1997 455 2062 editum
473 2003 530 2080 est,
552 1997 721 2064 niteretur:
743 1996 795 2062 vel
815 1994 884 2062 iure
904 1996 950 2062 sio
971 1996 1053 2062 inter
1071 2017 1135 2080 eos,
1158 1999 1213 2080 qui
1228 2007 1306 2064 nats

192 2081 319 2164 quidem
341 2082 480 2148 minores
499 2091 613 2162 essent,
627 2082 694 2162 sed
709 2083 856 2162 quamvis
868 2081 1014 2162 minores,
1035 2082 1149 2146 eodem
1164 2092 1307 2166 tempore

189 2165 351 2248 florerent,
380 2177 589 2235 enumeratur.
643 2168 686 2232 Et
712 2167 774 2232 boo
801 2165 928 2246 quidem
955 2167 1151 2248 Pomponius
1180 2185 1307 2246 quoque

192 2252 317 2337 (digest
335 2254 360 2317 I.
385 2252 430 2317 tit.
452 2253 483 2317 ΙΙ
515 2252 554 2316 de
575 2252 652 2335 orig.
672 2249 764 2335 iuris,
797 2251 894 2332 §dol
924 2249 985 2315 sibi
1015 2248 1156 2316 voluisse
1175 2251 1308 2335 videm,

192 2358 263 2405 eum
287 2340 367 2403 baeo
391 2337 523 2403 diceret:
552 2338 622 2422 „Ab
644 2336 695 2403 his
717 2336 796 2421 (soil.
822 2337 856 2404 P.
876 2335 997 2414 Mucio,
1023 2337 1137 2419 Bruto,
1168 2336 1308 2413 Manilio,

193 2423 247 2504 qui
274 2424 488 2487 luadaverunt
516 2422 565 2487 ius
592 2420 697 2500 oivile)
725 2421 858 2505 profesti
881 2428 956 2486 sunt
978 2423 1013 2487 Ρ.
1036 2419 1173 2488 Rutilius
1194 2422 1307 2506 Rufus,

192 2508 246 2591 qui
266 2510 390 2589 Romae
412 2507 523 2573 oonsul
544 2516 575 2573 et
595 2506 692 2589 Asiae
714 2508 884 2590 proconsul
905 2506 979 2589 fuit,
1005 2508 1125 2573 Paulus
1147 2506 1309 2591 Virginius

194 2601 227 2660 et
245 2594 283 2671 Q.
305 2596 431 2661 Tubero
455 2592 508 2657 ille
527 2592 655 2675 stoieus,
679 2592 826 2657 Panaetii
848 2592 990 2671 auditor,
1017 2592 1122 2673 quiet
1143 2594 1214 2677 ipse
1234 2612 1307 2659 oeu-

193 2682 286 2759 sul.¹)
330 2679 437 2745 Etiam
461 2678 535 2755 Sex.
557 2677 729 2762 Pompeius
750 2678 808 2743 fuit
829 2678 942 2743 eodem
963 2684 1108 2761 tempore
1128 2686 1161 2744 ¹et
1182 2679 1309 2747 Coelius

192 2765 367 2849 Antipater,
391 2763 445 2845 qui
459 2763 606 2829 historias
619 2763 813 2848 conseripsit,
834 2764 893 2828 sed
910 2764 982 2847 plus
997 2764 1197 2845 eloquentiae
1210 2778 1308 2845 quam

193 2849 342 2918 seientiae
362 2850 440 2915 iuris
468 2869 598 2932 operam
628 2847 731 2933 dedit,
766 2847 862 2914 etiam
894 2850 929 2915 L.
953 2850 1103 2932 Crassus,
1139 2856 1171 2915 et
1192 2870 1221 2932 q.
1243 2853 1311 2933 s.;“

195 2955 257 3017 quo
279 2935 346 3002 sine
368 2934 462 3000 dubio
484 2934 581 3001 etiarn
601 2934 733 3016 aceedit,
753 2934 838 3016 quod
858 2934 929 3000 illos
948 2941 1100 3014 tanquam
1114 2934 1146 2998 in
1158 2936 1308 3020 iurispru-

194 3020 301 3087 dentia
321 3021 460 3106 potiores
482 3020 676 3105 anteposuit,
706 3019 868 3102 Coelium,
897 3038 992 3101 quem
1013 3020 1118 3085 minus
1137 3020 1170 3088 in
1191 3040 1231 3087 ea
1251 3040 1307 3087 va*

193 3105 290 3173 luisse
311 3112 480 3189 statueret,
512 3116 566 3171 aut
588 3107 628 3172 ob
650 3106 733 3171 bano
759 3105 862 3189 ipsam
882 3126 1013 3171 eausam
1034 3112 1108 3189 post
1126 3105 1214 3191 illos,
1243 3113 1307 3191 aut,

194 3192 280 3273 quod
301 3194 336 3257 L.
358 3192 467 3257 Crassi
496 3193 650 3275 magister
677 3190 806 3270 suisset,
840 3211 912 3255 eum
941 3190 1002 3256 boo
1030 3190 1123 3272 quasi
1150 3191 1308 3259 anissinre

194 3278 393 3345 coniunctum
416 3277 598 3343 nominavit.
639 3279 771 3342 Praeter
792 3275 865 3353 bos,
894 3295 975 3358 quos
991 3276 1101 3356 attuli,
1137 3278 1233 3343 etiam
1253 3296 1308 3361 ap.

192 3364 271 3431 Vell.
292 3364 361 3429 Pal.
383 3362 424 3446 11,
447 3362 476 3426 9.
498 3362 540 3427 de
560 3361 658 3428 Caelii
678 3367 783 3425 aetate
811 3361 900 3426 loeus
928 3362 1057 3443 quidam
1085 3369 1207 3449 exstat,
1241 3381 1307 3443 quo

193 3456 318 3523 amen,
350 3464 422 3521 oum
452 3447 588 3513 Sisenna
614 3447 836 3513 tantummodo
865 3446 992 3515 Coelius
1022 3448 1175 3517 vetustior
1209 3446 1308 3516 fuisse

193 3530 439 3687 dimmrddihss
459 3532 533 3598 novi
555 3533 599 3597 ad
619 3552 673 3613 ea,
695 3552 779 3613 quae
796 3531 861 3598 iam
875 3532 908 3599 in
925 3534 1186 3601 auteoedentibus
1207 3540 1308 3603 sata-

191 3617 273 3685 imus
305 3639 325 3683 a
372 3616 440 3683 'tur

274 3669 489 3770 'noieeronis
510 3709 541 3767 et
562 3702 679 3769 Valerii
700 3704 836 3769 Maximi
864 3704 943 3770 loeis
970 3724 1068 3789 supra
1096 3703 1200 3767 allatis
1227 3700 1307 3767 satis

193 3796 341 3939 apparet,
366 3788 471 3938 (loellit
486 3796 637 3939 οριιέἐὸιιι
657 3790 723 3939 {iam
743 3789 899 3941 Mididi
919 3798 992 3873 post
1009 3792 1045 3859 C.
1066 3786 1306 3952 GQraugedbiurlplor·

225 3892 522 3958 m,ne.posa.
614 3924 623 3958 ,
679 3890 786 3940 emam
900 3896 1041 3943 messa
1266 3892 1307 3940 eu

265 4076 285 4147 ¹)
302 4072 336 4155 ln
354 4076 408 4129 boe
425 4076 530 4129 erravit
547 4076 728 4146 Pomponius.
744 4076 782 4133 of.
800 4077 857 4137 OEe
872 4076 953 4135 Brut.
963 4076 1006 4146 31,
1025 4076 1084 4132 ltt.
1102 4077 1230 4134 Perizon.
1248 4079 1306 4146 mig

196 4143 286 4198 mfflv.
303 4142 367 4198 lust.
385 4159 409 4199 a.
426 4135 463 4199 11.
501 4140 596 4199 Groen
618 4164 643 4203 v.
661 4146 707 4204 Pr.
726 4163 774 4219 pg.
794 4144 818 4203 l.
1100 4158 1103 4161 ⁴
1215 4194 1218 4205 ,
