<?xml version="1.0" encoding="UTF-8"?>
<!DOCTYPE html PUBLIC "-//W3C//DTD XHTML 1.0 Transitional//EN"
    "http://www.w3.org/TR/xhtml1/DTD/xhtml1-transitional.dtd">
<html xmlns="http://www.w3.org/1999/xhtml" xml:lang="en" lang="en">
 <head>
  <title>
</title>
<meta http-equiv="Content-Type" content="text/html;charset=utf-8" />
  <meta name='ocr-system' content='tesseract 3.04.00' />
  <meta name='ocr-capabilities' content='ocr_page ocr_carea ocr_par ocr_line ocrx_word'/>
</head>
<body>
  <div class='ocr_page' id='page_1' title='image "./delcoelioantipa01meltgoog_0032.png"; bbox 0 0 2867 4650; ppageno 0'>
   <div class='ocr_carea' id='block_1_1' title="bbox 739 245 789 312">
    <p class='ocr_par' dir='ltr' id='par_1_1' title="bbox 739 245 789 312">
     <span class='ocr_line' id='line_1_1' title="bbox 739 245 789 312; baseline 0 0"><span class='ocrx_word' id='word_1_1' title='bbox 739 245 789 312; x_wconf 67' lang='lat'><strong>⁴28</strong></span> 
     </span>
    </p>
   </div>
   <div class='ocr_carea' id='block_1_2' title="bbox 235 413 1331 2462">
    <p class='ocr_par' dir='ltr' id='par_1_2' title="bbox 235 413 1327 745">
     <span class='ocr_line' id='line_1_2' title="bbox 271 413 1326 488; baseline -0.001 -18"><span class='ocrx_word' id='word_1_2' title='bbox 271 417 335 482; x_wconf 78' lang='lat' dir='ltr'><strong>Hoc</strong></span> <span class='ocrx_word' id='word_1_3' title='bbox 352 417 541 488; x_wconf 78' lang='lat' dir='ltr'><strong>trpgmeutum</strong></span> <span class='ocrx_word' id='word_1_4' title='bbox 561 414 598 470; x_wconf 73' lang='lat' dir='ltr'><strong>ab</strong></span> <span class='ocrx_word' id='word_1_5' title='bbox 620 415 749 472; x_wconf 86' lang='lat' dir='ltr'><strong>omnibus</strong></span> <span class='ocrx_word' id='word_1_6' title='bbox 762 415 918 478; x_wconf 74' lang='lat' dir='ltr'><strong>editoribus</strong></span> <span class='ocrx_word' id='word_1_7' title='bbox 932 423 1046 482; x_wconf 73' lang='lat' dir='ltr'><strong>prestet</strong></span> <span class='ocrx_word' id='word_1_8' title='bbox 1058 415 1179 476; x_wconf 57' lang='lat' dir='ltr'><strong>&amp;aare</strong></span> <span class='ocrx_word' id='word_1_9' title='bbox 1190 421 1222 476; x_wconf 77' lang='lat' dir='ltr'><strong>ct</strong></span> <span class='ocrx_word' id='word_1_10' title='bbox 1232 413 1326 470; x_wconf 78' lang='lat' dir='ltr'><strong>Gree-</strong></span> 
     </span>
     <span class='ocr_line' id='line_1_3' title="bbox 235 483 1327 558; baseline -0.001 -16"><span class='ocrx_word' id='word_1_11' title='bbox 235 489 314 548; x_wconf 83' lang='lat' dir='ltr'><strong>uiurp</strong></span> <span class='ocrx_word' id='word_1_12' title='bbox 336 486 468 548; x_wconf 72' lang='lat' dir='ltr'><strong>ornissurp</strong></span> <span class='ocrx_word' id='word_1_13' title='bbox 490 491 546 550; x_wconf 88' lang='lat' dir='ltr'><strong>est,</strong></span> <span class='ocrx_word' id='word_1_14' title='bbox 570 490 669 553; x_wconf 83' lang='lat' dir='ltr'><strong>utpote</strong></span> <span class='ocrx_word' id='word_1_15' title='bbox 689 484 772 554; x_wconf 88' lang='lat' dir='ltr'><strong>quod,</strong></span> <span class='ocrx_word' id='word_1_16' title='bbox 792 486 904 553; x_wconf 78' lang='lat' dir='ltr'><strong>opinor,</strong></span> <span class='ocrx_word' id='word_1_17' title='bbox 927 485 963 541; x_wconf 81' lang='lat' dir='ltr'><strong>ud</strong></span> <span class='ocrx_word' id='word_1_18' title='bbox 981 483 1107 540; x_wconf 80' lang='lat' dir='ltr'><strong>Silenum</strong></span> <span class='ocrx_word' id='word_1_19' title='bbox 1124 485 1327 558; x_wconf 66' lang='lat' dir='ltr'><strong>potiusquam</strong></span> 
     </span>
     <span class='ocr_line' id='line_1_4' title="bbox 237 546 1326 624; baseline -0.002 -16"><span class='ocrx_word' id='word_1_20' title='bbox 237 554 273 608; x_wconf 84' lang='lat' dir='ltr'><strong>ad</strong></span> <span class='ocrx_word' id='word_1_21' title='bbox 302 546 428 610; x_wconf 77' lang='lat' dir='ltr'><strong>Coelium</strong></span> <span class='ocrx_word' id='word_1_22' title='bbox 453 553 593 621; x_wconf 67' lang='lat' dir='ltr'><strong>pertinere</strong></span> <span class='ocrx_word' id='word_1_23' title='bbox 621 559 769 621; x_wconf 77' lang='lat' dir='ltr'><strong>putarent,</strong></span> <span class='ocrx_word' id='word_1_24' title='bbox 797 585 807 590; x_wconf 98' lang='lat'>-</span> <span class='ocrx_word' id='word_1_25' title='bbox 847 553 949 609; x_wconf 79' lang='lat' dir='ltr'><strong>iniuria</strong></span> <span class='ocrx_word' id='word_1_26' title='bbox 970 553 1011 605; x_wconf 92' lang='lat' dir='ltr'><strong>illi</strong></span> <span class='ocrx_word' id='word_1_27' title='bbox 1035 553 1160 624; x_wconf 85' lang='lat' dir='ltr'><strong>quidem.</strong></span> <span class='ocrx_word' id='word_1_28' title='bbox 1199 553 1326 614; x_wconf 85' lang='lat' dir='ltr'><strong>Primum</strong></span> 
     </span>
     <span class='ocr_line' id='line_1_5' title="bbox 236 619 1327 745; baseline -0.002 0"><span class='ocrx_word' id='word_1_29' title='bbox 236 622 516 745; x_wconf 53' lang='lat' dir='ltr'><strong>ttatntutl</strong></span> <span class='ocrx_word' id='word_1_30' title='bbox 532 619 768 742; x_wconf 57' lang='lat' dir='ltr'><strong>stultit</strong></span> <span class='ocrx_word' id='word_1_31' title='bbox 787 621 1327 745; x_wconf 47' lang='lat' dir='ltr'><strong>⁰“rit⁰⁰tt¹¹0¹¹anttttttitt</strong></span> 
     </span>
    </p>

    <p class='ocr_par' dir='ltr' id='par_1_3' title="bbox 237 707 1331 2132">
     <span class='ocr_line' id='line_1_6' title="bbox 297 719 812 746; baseline -0.004 -3"><span class='ocrx_word' id='word_1_32' title='bbox 297 719 308 743; x_wconf 69' lang='lat' dir='ltr'>J</span> <span class='ocrx_word' id='word_1_33' title='bbox 563 732 566 740; x_wconf 62' lang='lat' dir='ltr'>v</span> <span class='ocrx_word' id='word_1_34' title='bbox 704 731 710 746; x_wconf 79' lang='grc'><em>.</em></span> <span class='ocrx_word' id='word_1_35' title='bbox 739 731 745 742; x_wconf 81' lang='lat'><strong>.</strong></span> <span class='ocrx_word' id='word_1_36' title='bbox 806 727 812 741; x_wconf 75' lang='lat' dir='ltr'><strong>r</strong></span> 
     </span>
     <span class='ocr_line' id='line_1_7' title="bbox 237 707 1331 824; baseline -0.002 -11"><span class='ocrx_word' id='word_1_37' title='bbox 237 761 278 813; x_wconf 76' lang='lat' dir='ltr'><strong>ta</strong></span> <span class='ocrx_word' id='word_1_38' title='bbox 302 759 406 814; x_wconf 73' lang='lat' dir='ltr'><strong>diserte</strong></span> <span class='ocrx_word' id='word_1_39' title='bbox 424 729 547 812; x_wconf 64' lang='lat' dir='ltr'><strong>Silenum</strong></span> <span class='ocrx_word' id='word_1_40' title='bbox 570 758 697 824; x_wconf 79' lang='lat' dir='ltr'><strong>laudarit,</strong></span> <span class='ocrx_word' id='word_1_41' title='bbox 715 707 1033 812; x_wconf 52' lang='lat' dir='ltr'><strong>mediesto’timenqdc</strong></span> <span class='ocrx_word' id='word_1_42' title='bbox 1051 775 1128 824; x_wconf 84' lang='lat' dir='ltr'><strong>more</strong></span> <span class='ocrx_word' id='word_1_43' title='bbox 1149 775 1199 817; x_wconf 87' lang='lat' dir='ltr'><strong>suo</strong></span> <span class='ocrx_word' id='word_1_44' title='bbox 1217 775 1251 815; x_wconf 81' lang='lat' dir='ltr'><strong>ex</strong></span> <span class='ocrx_word' id='word_1_45' title='bbox 1269 729 1331 815; x_wconf 77' lang='lat' dir='ltr'><strong>stto&#39;</strong></span> 
     </span>
     <span class='ocr_line' id='line_1_8' title="bbox 242 825 1330 900; baseline -0.003 -18"><span class='ocrx_word' id='word_1_46' title='bbox 242 830 326 900; x_wconf 77' lang='lat' dir='ltr'><strong>quod.</strong></span> <span class='ocrx_word' id='word_1_47' title='bbox 338 847 364 881; x_wconf 90' lang='lat' dir='ltr'><strong>m</strong></span> <span class='ocrx_word' id='word_1_48' title='bbox 384 829 528 896; x_wconf 70' lang='lat' dir='ltr'>scriptore,</span> <span class='ocrx_word' id='word_1_49' title='bbox 549 827 596 897; x_wconf 90' lang='lat' dir='ltr'><strong>qui</strong></span> <span class='ocrx_word' id='word_1_50' title='bbox 614 827 700 880; x_wconf 80' lang='lat' dir='ltr'><strong>Sileni</strong></span> <span class='ocrx_word' id='word_1_51' title='bbox 723 833 856 896; x_wconf 82' lang='lat' dir='ltr'><strong>tunquam</strong></span> <span class='ocrx_word' id='word_1_52' title='bbox 875 825 964 880; x_wconf 81' lang='lat' dir='ltr'><strong>fontis</strong></span> <span class='ocrx_word' id='word_1_53' title='bbox 983 827 1026 879; x_wconf 88' lang='lat' dir='ltr'><strong>sni</strong></span> <span class='ocrx_word' id='word_1_54' title='bbox 1044 844 1145 884; x_wconf 85' lang='lat' dir='ltr'><strong>nomen</strong></span> <span class='ocrx_word' id='word_1_55' title='bbox 1163 827 1330 895; x_wconf 70' lang='lat' dir='ltr'><strong>addidisset,</strong></span> 
     </span>
     <span class='ocr_line' id='line_1_9' title="bbox 239 895 1329 968; baseline 0.002 -21"><span class='ocrx_word' id='word_1_56' title='bbox 239 914 290 950; x_wconf 83' lang='lat' dir='ltr'><strong>sua</strong></span> <span class='ocrx_word' id='word_1_57' title='bbox 309 899 438 968; x_wconf 72' lang='lat' dir='ltr'><strong>sumpsit)</strong></span> <span class='ocrx_word' id='word_1_58' title='bbox 454 924 480 934; x_wconf 76' lang='lat'><strong>--</strong></span> <span class='ocrx_word' id='word_1_59' title='bbox 504 913 518 947; x_wconf 83' lang='lat' dir='ltr'><strong>e</strong></span> <span class='ocrx_word' id='word_1_60' title='bbox 538 895 640 948; x_wconf 86' lang='lat' dir='ltr'><strong>Latino</strong></span> <span class='ocrx_word' id='word_1_61' title='bbox 659 895 895 964; x_wconf 88' lang='lat' dir='ltr'><strong>scriptoreeoquc</strong></span> <span class='ocrx_word' id='word_1_62' title='bbox 915 895 969 948; x_wconf 89' lang='lat' dir='ltr'><strong>illis</strong></span> <span class='ocrx_word' id='word_1_63' title='bbox 984 896 1158 965; x_wconf 73' lang='lat' dir='ltr'>temporibus</span> <span class='ocrx_word' id='word_1_64' title='bbox 1172 896 1329 963; x_wconf 79' lang='lat' dir='ltr'><strong>notissimo,</strong></span> 
     </span>
     <span class='ocr_line' id='line_1_10' title="bbox 239 963 1327 1036; baseline -0.001 -17"><span class='ocrx_word' id='word_1_65' title='bbox 239 983 321 1036; x_wconf 89' lang='lat' dir='ltr'><strong>quem</strong></span> <span class='ocrx_word' id='word_1_66' title='bbox 348 969 458 1036; x_wconf 71' lang='lat' dir='ltr'><strong>quictem</strong></span> <span class='ocrx_word' id='word_1_67' title='bbox 490 971 638 1034; x_wconf 84' lang='lat' dir='ltr'><strong>practerea</strong></span> <span class='ocrx_word' id='word_1_68' title='bbox 660 965 745 1016; x_wconf 84' lang='lat' dir='ltr'><strong>etiam</strong></span> <span class='ocrx_word' id='word_1_69' title='bbox 771 963 920 1034; x_wconf 73' lang='lat' dir='ltr'><strong>aliquoties</strong></span> <span class='ocrx_word' id='word_1_70' title='bbox 945 963 1092 1017; x_wconf 79' lang='lat' dir='ltr'><strong>incudem</strong></span> <span class='ocrx_word' id='word_1_71' title='bbox 1115 964 1152 1018; x_wconf 88' lang='lat' dir='ltr'><strong>de</strong></span> <span class='ocrx_word' id='word_1_72' title='bbox 1174 965 1228 1017; x_wconf 83' lang='lat' dir='ltr'><strong>dir.</strong></span> <span class='ocrx_word' id='word_1_73' title='bbox 1250 963 1327 1018; x_wconf 83' lang='lat' dir='ltr'><strong>libro</strong></span> 
     </span>
     <span class='ocr_line' id='line_1_11' title="bbox 239 1030 1328 1104; baseline -0.001 -18"><span class='ocrx_word' id='word_1_74' title='bbox 239 1035 374 1104; x_wconf 83' lang='lat' dir='ltr'><strong>laudarit,</strong></span> <span class='ocrx_word' id='word_1_75' title='bbox 406 1051 488 1104; x_wconf 80' lang='lat' dir='ltr'><strong>quem</strong></span> <span class='ocrx_word' id='word_1_76' title='bbox 514 1030 675 1098; x_wconf 79' lang='lat' dir='ltr'><strong>eGraco,</strong></span> <span class='ocrx_word' id='word_1_77' title='bbox 698 1032 778 1085; x_wconf 86' lang='lat' dir='ltr'><strong>cuius</strong></span> <span class='ocrx_word' id='word_1_78' title='bbox 802 1049 873 1101; x_wconf 85' lang='lat' dir='ltr'><strong>opus</strong></span> <span class='ocrx_word' id='word_1_79' title='bbox 902 1039 978 1086; x_wconf 86' lang='lat' dir='ltr'><strong>certe</strong></span> <span class='ocrx_word' id='word_1_80' title='bbox 1003 1033 1206 1088; x_wconf 87' lang='lat' dir='ltr'><strong>multominus</strong></span> <span class='ocrx_word' id='word_1_81' title='bbox 1228 1037 1328 1086; x_wconf 90' lang='lat' dir='ltr'><strong>uotum</strong></span> 
     </span>
     <span class='ocr_line' id='line_1_12' title="bbox 239 1100 1327 1176; baseline -0.003 -19"><span class='ocrx_word' id='word_1_82' title='bbox 239 1119 274 1157; x_wconf 80' lang='lat' dir='ltr'><strong>ac</strong></span> <span class='ocrx_word' id='word_1_83' title='bbox 283 1105 477 1176; x_wconf 78' lang='lat' dir='ltr'><strong>pervulgatum</strong></span> <span class='ocrx_word' id='word_1_84' title='bbox 491 1101 535 1154; x_wconf 88' lang='lat' dir='ltr'><strong>vel</strong></span> <span class='ocrx_word' id='word_1_85' title='bbox 550 1101 708 1170; x_wconf 84' lang='lat' dir='ltr'><strong>ultroapud</strong></span> <span class='ocrx_word' id='word_1_86' title='bbox 721 1101 860 1154; x_wconf 77' lang='lat' dir='ltr'><strong>Romanos</strong></span> <span class='ocrx_word' id='word_1_87' title='bbox 872 1117 934 1155; x_wconf 87' lang='lat' dir='ltr'><strong>esse</strong></span> <span class='ocrx_word' id='word_1_88' title='bbox 946 1100 1052 1165; x_wconf 82' lang='lat' dir='ltr'><strong>debuit,</strong></span> <span class='ocrx_word' id='word_1_89' title='bbox 1063 1102 1198 1155; x_wconf 76' lang='lat' dir='ltr'>hausisse.</span> <span class='ocrx_word' id='word_1_90' title='bbox 1213 1101 1327 1154; x_wconf 83' lang='lat' dir='ltr'><strong>Deinde</strong></span> 
     </span>
     <span class='ocr_line' id='line_1_13' title="bbox 240 1168 1327 1242; baseline -0.002 -17"><span class='ocrx_word' id='word_1_91' title='bbox 240 1171 371 1225; x_wconf 84' lang='lat' dir='ltr'><strong>orationis</strong></span> <span class='ocrx_word' id='word_1_92' title='bbox 399 1189 489 1242; x_wconf 82' lang='lat' dir='ltr'><strong>genus</strong></span> <span class='ocrx_word' id='word_1_93' title='bbox 507 1170 533 1222; x_wconf 84' lang='lat' dir='ltr'><strong>lr.</strong></span> <span class='ocrx_word' id='word_1_94' title='bbox 557 1170 572 1220; x_wconf 91' lang='lat' dir='ltr'><strong>l.</strong></span> <span class='ocrx_word' id='word_1_95' title='bbox 591 1170 647 1220; x_wconf 86' lang='lat' dir='ltr'><strong>tale</strong></span> <span class='ocrx_word' id='word_1_96' title='bbox 667 1176 724 1235; x_wconf 87' lang='lat' dir='ltr'><strong>est,</strong></span> <span class='ocrx_word' id='word_1_97' title='bbox 751 1169 832 1239; x_wconf 85' lang='lat' dir='ltr'><strong>quale</strong></span> <span class='ocrx_word' id='word_1_98' title='bbox 850 1168 948 1224; x_wconf 82' lang='lat' dir='ltr'><strong>Cicero</strong></span> <span class='ocrx_word' id='word_1_99' title='bbox 972 1179 1049 1222; x_wconf 83' lang='lat' dir='ltr'><strong>certe</strong></span> <span class='ocrx_word' id='word_1_100' title='bbox 1068 1186 1085 1222; x_wconf 83' lang='lat' dir='ltr'><strong>o</strong></span> <span class='ocrx_word' id='word_1_101' title='bbox 1105 1171 1197 1240; x_wconf 71' lang='lat' dir='ltr'><strong>priseo</strong></span> <span class='ocrx_word' id='word_1_102' title='bbox 1215 1175 1327 1229; x_wconf 80' lang='lat' dir='ltr'><strong>tautum</strong></span> 
     </span>
     <span class='ocr_line' id='line_1_14' title="bbox 239 1237 1328 1318; baseline -0.001 -26"><span class='ocrx_word' id='word_1_103' title='bbox 239 1241 393 1308; x_wconf 76' lang='lat' dir='ltr'><strong>scriptore,</strong></span> <span class='ocrx_word' id='word_1_104' title='bbox 434 1241 579 1293; x_wconf 84' lang='lat' dir='ltr'><strong>etiamtum</strong></span> <span class='ocrx_word' id='word_1_105' title='bbox 616 1238 728 1290; x_wconf 86' lang='lat' dir='ltr'><strong>horrido</strong></span> <span class='ocrx_word' id='word_1_106' title='bbox 764 1237 813 1290; x_wconf 85' lang='lat' dir='ltr'><strong>illo</strong></span> <span class='ocrx_word' id='word_1_107' title='bbox 850 1245 935 1307; x_wconf 80' lang='lat' dir='ltr'><strong>etque</strong></span> <span class='ocrx_word' id='word_1_108' title='bbox 975 1238 1148 1318; x_wconf 78' lang='lat' dir='ltr'><strong>ineleganti&#39;,</strong></span> <span class='ocrx_word' id='word_1_109' title='bbox 1185 1245 1328 1309; x_wconf 88' lang='lat' dir='ltr'><strong>sumptum</strong></span> 
     </span>
     <span class='ocr_line' id='line_1_15' title="bbox 240 1307 1326 1377; baseline -0.001 -16"><span class='ocrx_word' id='word_1_110' title='bbox 240 1308 452 1374; x_wconf 83' lang='lat' dir='ltr'><strong>transscribere,</strong></span> <span class='ocrx_word' id='word_1_111' title='bbox 483 1323 537 1362; x_wconf 87' lang='lat' dir='ltr'><strong>nou</strong></span> <span class='ocrx_word' id='word_1_112' title='bbox 562 1323 577 1359; x_wconf 88' lang='lat' dir='ltr'><strong>e</strong></span> <span class='ocrx_word' id='word_1_113' title='bbox 599 1311 710 1359; x_wconf 64' lang='lat' dir='ltr'><strong>trrueoo</strong></span> <span class='ocrx_word' id='word_1_114' title='bbox 735 1322 876 1372; x_wconf 84' lang='lat' dir='ltr'><strong>sermone,</strong></span> <span class='ocrx_word' id='word_1_115' title='bbox 903 1308 1055 1374; x_wconf 74' lang='lat' dir='ltr'><strong>quamne</strong></span> <span class='ocrx_word' id='word_1_116' title='bbox 1080 1307 1117 1360; x_wconf 87' lang='lat' dir='ltr'><strong>de</strong></span> <span class='ocrx_word' id='word_1_117' title='bbox 1134 1323 1186 1360; x_wconf 83' lang='lat' dir='ltr'><strong>suo</strong></span> <span class='ocrx_word' id='word_1_118' title='bbox 1201 1307 1326 1377; x_wconf 83' lang='lat' dir='ltr'><strong>ingenio,</strong></span> 
     </span>
     <span class='ocr_line' id='line_1_16' title="bbox 241 1375 1326 1447; baseline 0.004 -19"><span class='ocrx_word' id='word_1_119' title='bbox 241 1378 368 1446; x_wconf 77' lang='lat' dir='ltr'><strong>quamvis</strong></span> <span class='ocrx_word' id='word_1_120' title='bbox 385 1378 446 1447; x_wconf 84' lang='lat' dir='ltr'><strong>ipsa</strong></span> <span class='ocrx_word' id='word_1_121' title='bbox 466 1377 544 1430; x_wconf 83' lang='lat' dir='ltr'><strong>facts</strong></span> <span class='ocrx_word' id='word_1_122' title='bbox 562 1377 708 1443; x_wconf 82' lang='lat' dir='ltr'><strong>proposita</strong></span> <span class='ocrx_word' id='word_1_123' title='bbox 727 1382 837 1442; x_wconf 84' lang='lat' dir='ltr'><strong>essent,</strong></span> <span class='ocrx_word' id='word_1_124' title='bbox 865 1375 1065 1432; x_wconf 54' lang='lat' dir='ltr'><strong>sententiarum</strong></span> <span class='ocrx_word' id='word_1_125' title='bbox 1081 1376 1247 1446; x_wconf 77' lang='lat' dir='ltr'><strong>compositio</strong></span> <span class='ocrx_word' id='word_1_126' title='bbox 1264 1392 1326 1432; x_wconf 67' lang='lat' dir='ltr'><strong>ree</strong></span> 
     </span>
     <span class='ocr_line' id='line_1_17' title="bbox 240 1441 1325 1516; baseline -0.003 -15"><span class='ocrx_word' id='word_1_127' title='bbox 240 1448 332 1514; x_wconf 76' lang='lat' dir='ltr'><strong>baque</strong></span> <span class='ocrx_word' id='word_1_128' title='bbox 358 1441 549 1516; x_wconf 77' lang='lat' dir='ltr'><strong>depromenda</strong></span> <span class='ocrx_word' id='word_1_129' title='bbox 576 1451 682 1510; x_wconf 81' lang='lat' dir='ltr'><strong>essent,</strong></span> <span class='ocrx_word' id='word_1_130' title='bbox 707 1450 816 1500; x_wconf 77' lang='lat' dir='ltr'><strong>vertere</strong></span> <span class='ocrx_word' id='word_1_131' title='bbox 841 1445 951 1514; x_wconf 75' lang='lat' dir='ltr'><strong>potuit3</strong></span> <span class='ocrx_word' id='word_1_132' title='bbox 983 1444 1107 1514; x_wconf 89' lang='lat' dir='ltr'><strong>itemquo</strong></span> <span class='ocrx_word' id='word_1_133' title='bbox 1128 1450 1226 1499; x_wconf 77' lang='lat' dir='ltr'><strong>tantm</strong></span> <span class='ocrx_word' id='word_1_134' title='bbox 1250 1445 1325 1505; x_wconf 81' lang='lat' dir='ltr'><strong>inter</strong></span> 
     </span>
     <span class='ocr_line' id='line_1_18' title="bbox 240 1506 1323 1596; baseline 0.002 -31"><span class='ocrx_word' id='word_1_135' title='bbox 240 1506 327 1596; x_wconf 76' lang='lat' dir='ltr'><strong>Livii,</strong></span> <span class='ocrx_word' id='word_1_136' title='bbox 347 1517 392 1586; x_wconf 91' lang='lat' dir='ltr'><strong>qui</strong></span> <span class='ocrx_word' id='word_1_137' title='bbox 412 1513 530 1568; x_wconf 82' lang='lat' dir='ltr'><strong>eandem</strong></span> <span class='ocrx_word' id='word_1_138' title='bbox 549 1512 608 1564; x_wconf 88' lang='lat' dir='ltr'><strong>fere</strong></span> <span class='ocrx_word' id='word_1_139' title='bbox 620 1515 806 1566; x_wconf 77' lang='lat' dir='ltr'><strong>narrationem</strong></span> <span class='ocrx_word' id='word_1_140' title='bbox 826 1511 934 1565; x_wconf 89' lang='lat' dir='ltr'><strong>rettulit</strong></span> <span class='ocrx_word' id='word_1_141' title='bbox 949 1513 965 1564; x_wconf 94' lang='lat' dir='ltr'><strong>l.</strong></span> <span class='ocrx_word' id='word_1_142' title='bbox 984 1511 1066 1579; x_wconf 83' lang='lat' dir='ltr'><strong>XXI,</strong></span> <span class='ocrx_word' id='word_1_143' title='bbox 1079 1513 1121 1580; x_wconf 80' lang='lat'><strong>21,</strong></span> <span class='ocrx_word' id='word_1_144' title='bbox 1138 1520 1168 1566; x_wconf 89' lang='lat' dir='ltr'><strong>et</strong></span> <span class='ocrx_word' id='word_1_145' title='bbox 1179 1511 1323 1571; x_wconf 79' lang='lat' dir='ltr'><strong>Ciceronis</strong></span> 
     </span>
     <span class='ocr_line' id='line_1_19' title="bbox 240 1580 1324 1652; baseline -0.001 -16"><span class='ocrx_word' id='word_1_146' title='bbox 240 1585 396 1636; x_wconf 78' lang='lat' dir='ltr'><strong>locutiones</strong></span> <span class='ocrx_word' id='word_1_147' title='bbox 411 1581 546 1652; x_wconf 83' lang='lat' dir='ltr'><strong>quasdam</strong></span> <span class='ocrx_word' id='word_1_148' title='bbox 563 1597 725 1647; x_wconf 80' lang='lat' dir='ltr'><strong>consensus,</strong></span> <span class='ocrx_word' id='word_1_149' title='bbox 743 1586 776 1633; x_wconf 93' lang='lat' dir='ltr'><strong>ut</strong></span> <span class='ocrx_word' id='word_1_150' title='bbox 793 1581 833 1634; x_wconf 84' lang='lat' dir='ltr'><strong>ita</strong></span> <span class='ocrx_word' id='word_1_151' title='bbox 852 1580 952 1648; x_wconf 83' lang='lat' dir='ltr'><strong>dicam,</strong></span> <span class='ocrx_word' id='word_1_152' title='bbox 971 1581 1130 1647; x_wconf 69' lang='lat' dir='ltr'><strong>intercedit,</strong></span> <span class='ocrx_word' id='word_1_153' title='bbox 1148 1587 1280 1652; x_wconf 81' lang='lat' dir='ltr'><strong>quantus,</strong></span> <span class='ocrx_word' id='word_1_154' title='bbox 1299 1581 1324 1635; x_wconf 87' lang='lat' dir='ltr'><strong>si</strong></span> 
     </span>
     <span class='ocr_line' id='line_1_20' title="bbox 242 1648 1323 1720; baseline -0.003 -15"><span class='ocrx_word' id='word_1_155' title='bbox 242 1653 324 1705; x_wconf 85' lang='lat' dir='ltr'><strong>ambo</strong></span> <span class='ocrx_word' id='word_1_156' title='bbox 346 1651 367 1703; x_wconf 87' lang='lat' dir='ltr'><strong>G</strong></span> <span class='ocrx_word' id='word_1_157' title='bbox 374 1667 456 1702; x_wconf 78' lang='lat' dir='ltr'><strong>reeca</strong></span> <span class='ocrx_word' id='word_1_158' title='bbox 476 1655 586 1702; x_wconf 84' lang='lat' dir='ltr'><strong>tautum</strong></span> <span class='ocrx_word' id='word_1_159' title='bbox 602 1648 728 1702; x_wconf 85' lang='lat' dir='ltr'><strong>ciusdem</strong></span> <span class='ocrx_word' id='word_1_160' title='bbox 747 1650 892 1720; x_wconf 85' lang='lat' dir='ltr'><strong>scriptoris</strong></span> <span class='ocrx_word' id='word_1_161' title='bbox 913 1649 1000 1703; x_wconf 84' lang='lat' dir='ltr'><strong>rerba</strong></span> <span class='ocrx_word' id='word_1_162' title='bbox 1017 1650 1175 1713; x_wconf 75' lang='lat' dir='ltr'><strong>vertissent,</strong></span> <span class='ocrx_word' id='word_1_163' title='bbox 1201 1651 1323 1704; x_wconf 79' lang='lat' dir='ltr'><strong>existere</strong></span> 
     </span>
     <span class='ocr_line' id='line_1_21' title="bbox 240 1715 1325 1788; baseline -0.001 -14"><span class='ocrx_word' id='word_1_164' title='bbox 240 1737 295 1775; x_wconf 88' lang='lat' dir='ltr'><strong>uon</strong></span> <span class='ocrx_word' id='word_1_165' title='bbox 314 1721 460 1788; x_wconf 83' lang='lat' dir='ltr'><strong>potuisset.</strong></span> <span class='ocrx_word' id='word_1_166' title='bbox 497 1719 563 1777; x_wconf 70' lang='lat' dir='ltr'><strong>dam</strong></span> <span class='ocrx_word' id='word_1_167' title='bbox 593 1717 678 1785; x_wconf 82' lang='lat' dir='ltr'><strong>igitur</strong></span> <span class='ocrx_word' id='word_1_168' title='bbox 707 1719 792 1773; x_wconf 83' lang='lat' dir='ltr'><strong>verbu</strong></span> <span class='ocrx_word' id='word_1_169' title='bbox 820 1717 869 1771; x_wconf 80' lang='lat' dir='ltr'><strong>ills</strong></span> <span class='ocrx_word' id='word_1_170' title='bbox 894 1735 913 1770; x_wconf 84' lang='lat' dir='ltr'><strong>a</strong></span> <span class='ocrx_word' id='word_1_171' title='bbox 931 1715 1067 1783; x_wconf 81' lang='lat' dir='ltr'><strong>Cicerone</strong></span> <span class='ocrx_word' id='word_1_172' title='bbox 1090 1717 1145 1787; x_wconf 72' lang='lat' dir='ltr'><strong>ipsi</strong></span> <span class='ocrx_word' id='word_1_173' title='bbox 1169 1719 1325 1779; x_wconf 77' lang='lat' dir='ltr'><strong>narrationi</strong></span> 
     </span>
     <span class='ocr_line' id='line_1_22' title="bbox 242 1783 1328 1858; baseline 0.002 -16"><span class='ocrx_word' id='word_1_174' title='bbox 242 1789 402 1858; x_wconf 85' lang='lat' dir='ltr'><strong>anteposita</strong></span> <span class='ocrx_word' id='word_1_175' title='bbox 432 1787 499 1842; x_wconf 89' lang='lat' dir='ltr'><strong>nihil</strong></span> <span class='ocrx_word' id='word_1_176' title='bbox 532 1783 694 1856; x_wconf 78' lang='lat' dir='ltr'><strong>significant</strong></span> <span class='ocrx_word' id='word_1_177' title='bbox 722 1787 790 1841; x_wconf 86' lang='lat' dir='ltr'><strong>nisi:</strong></span> <span class='ocrx_word' id='word_1_178' title='bbox 821 1793 969 1856; x_wconf 80' lang='lat' dir='ltr'><strong>utramque</strong></span> <span class='ocrx_word' id='word_1_179' title='bbox 996 1787 1235 1843; x_wconf 68' lang='lat' dir='ltr'><strong>narratiunculam</strong></span> <span class='ocrx_word' id='word_1_180' title='bbox 1258 1803 1328 1852; x_wconf 72' lang='lat' dir='ltr'><strong>sea</strong></span> 
     </span>
     <span class='ocr_line' id='line_1_23' title="bbox 241 1851 1324 1925; baseline 0.001 -16"><span class='ocrx_word' id='word_1_181' title='bbox 241 1851 336 1910; x_wconf 82' lang='lat' dir='ltr'><strong>Coelio</strong></span> <span class='ocrx_word' id='word_1_182' title='bbox 357 1857 526 1925; x_wconf 87' lang='lat' dir='ltr'><strong>depromere,</strong></span> <span class='ocrx_word' id='word_1_183' title='bbox 547 1854 620 1908; x_wconf 90' lang='lat' dir='ltr'><strong>hunc</strong></span> <span class='ocrx_word' id='word_1_184' title='bbox 630 1863 724 1908; x_wconf 86' lang='lat' dir='ltr'><strong>autem</strong></span> <span class='ocrx_word' id='word_1_185' title='bbox 745 1888 770 1896; x_wconf 83' lang='lat'><em>-</em></span> <span class='ocrx_word' id='word_1_186' title='bbox 785 1855 813 1910; x_wconf 87' lang='lat' dir='ltr'><strong>id</strong></span> <span class='ocrx_word' id='word_1_187' title='bbox 829 1855 905 1924; x_wconf 89' lang='lat' dir='ltr'><strong>quod</strong></span> <span class='ocrx_word' id='word_1_188' title='bbox 919 1857 979 1909; x_wconf 87' lang='lat' dir='ltr'><strong>sine</strong></span> <span class='ocrx_word' id='word_1_189' title='bbox 991 1855 1076 1908; x_wconf 92' lang='lat' dir='ltr'><strong>dubio</strong></span> <span class='ocrx_word' id='word_1_190' title='bbox 1089 1855 1186 1910; x_wconf 82' lang='lat' dir='ltr'><strong>addito</strong></span> <span class='ocrx_word' id='word_1_191' title='bbox 1201 1856 1324 1924; x_wconf 79' lang='lat' dir='ltr'><strong>auctoris</strong></span> 
     </span>
     <span class='ocr_line' id='line_1_24' title="bbox 242 1923 1325 2004; baseline -0.002 -26"><span class='ocrx_word' id='word_1_192' title='bbox 242 1925 353 1979; x_wconf 87' lang='lat' dir='ltr'><strong>nomino</strong></span> <span class='ocrx_word' id='word_1_193' title='bbox 380 1923 557 1977; x_wconf 82' lang='lat' dir='ltr'><strong>indicaverat</strong></span> <span class='ocrx_word' id='word_1_194' title='bbox 586 1955 596 1962; x_wconf 93' lang='lat'><strong>··</strong></span> <span class='ocrx_word' id='word_1_195' title='bbox 632 1939 649 1976; x_wconf 79' lang='lat' dir='ltr'><strong>a</strong></span> <span class='ocrx_word' id='word_1_196' title='bbox 673 1924 770 1977; x_wconf 86' lang='lat' dir='ltr'><strong>Sileno</strong></span> <span class='ocrx_word' id='word_1_197' title='bbox 796 1925 948 1994; x_wconf 84' lang='lat' dir='ltr'><strong>accepisse.</strong></span> <span class='ocrx_word' id='word_1_198' title='bbox 988 1923 1080 1977; x_wconf 84' lang='lat' dir='ltr'><strong>Verba</strong></span> <span class='ocrx_word' id='word_1_199' title='bbox 1102 1932 1195 1976; x_wconf 83' lang='lat' dir='ltr'><strong>autem</strong></span> <span class='ocrx_word' id='word_1_200' title='bbox 1223 1941 1325 2004; x_wconf 68' lang='lat' dir='ltr'><strong>„qum</strong></span> 
     </span>
     <span class='ocr_line' id='line_1_25' title="bbox 242 1989 1327 2063; baseline -0.003 -15"><span class='ocrx_word' id='word_1_201' title='bbox 242 1995 355 2048; x_wconf 79' lang='lat' dir='ltr'><strong>Coelius</strong></span> <span class='ocrx_word' id='word_1_202' title='bbox 378 1993 526 2063; x_wconf 69' lang='lat' dir='ltr'><strong>sequit-rt</strong></span> <span class='ocrx_word' id='word_1_203' title='bbox 548 2007 598 2061; x_wconf 87' lang='lat' dir='ltr'><strong>per</strong></span> <span class='ocrx_word' id='word_1_204' title='bbox 615 2009 646 2046; x_wconf 83' lang='lat' dir='ltr'><strong>se</strong></span> <span class='ocrx_word' id='word_1_205' title='bbox 664 2009 720 2046; x_wconf 86' lang='lat' dir='ltr'><strong>non</strong></span> <span class='ocrx_word' id='word_1_206' title='bbox 737 1994 774 2047; x_wconf 82' lang='lat' dir='ltr'><strong>ad</strong></span> <span class='ocrx_word' id='word_1_207' title='bbox 796 1998 886 2047; x_wconf 84' lang='lat' dir='ltr'><strong>totum</strong></span> <span class='ocrx_word' id='word_1_208' title='bbox 905 1989 993 2045; x_wconf 69' lang='lat' dir='ltr'><strong>coelii</strong></span> <span class='ocrx_word' id='word_1_209' title='bbox 1012 2008 1084 2061; x_wconf 85' lang='lat' dir='ltr'><strong>opus</strong></span> <span class='ocrx_word' id='word_1_210' title='bbox 1116 2023 1131 2028; x_wconf 96' lang='lat'>-</span> <span class='ocrx_word' id='word_1_211' title='bbox 1154 2008 1282 2063; x_wconf 78' lang='lat' dir='ltr'><strong>quemme</strong></span> <span class='ocrx_word' id='word_1_212' title='bbox 1297 1992 1327 2045; x_wconf 91' lang='lat' dir='ltr'><strong>iu</strong></span> 
     </span>
     <span class='ocr_line' id='line_1_26' title="bbox 241 2060 1327 2132; baseline -0.002 -16"><span class='ocrx_word' id='word_1_213' title='bbox 241 2062 385 2132; x_wconf 81' lang='lat' dir='ltr'><strong>permultis</strong></span> <span class='ocrx_word' id='word_1_214' title='bbox 408 2079 470 2114; x_wconf 85' lang='lat' dir='ltr'><strong>cnm</strong></span> <span class='ocrx_word' id='word_1_215' title='bbox 487 2060 612 2116; x_wconf 85' lang='lat' dir='ltr'><strong>Silenum</strong></span> <span class='ocrx_word' id='word_1_216' title='bbox 633 2067 762 2123; x_wconf 77' lang='lat' dir='ltr'><strong>secutum</strong></span> <span class='ocrx_word' id='word_1_217' title='bbox 780 2079 843 2117; x_wconf 76' lang='lat' dir='ltr'><strong>esse</strong></span> <span class='ocrx_word' id='word_1_218' title='bbox 861 2061 947 2116; x_wconf 79' lang='lat' dir='ltr'><strong>etiem</strong></span> <span class='ocrx_word' id='word_1_219' title='bbox 963 2069 1064 2131; x_wconf 71' lang='lat' dir='ltr'><strong>poste«</strong></span> <span class='ocrx_word' id='word_1_220' title='bbox 1081 2060 1163 2116; x_wconf 79' lang='lat' dir='ltr'><strong>nobis</strong></span> <span class='ocrx_word' id='word_1_221' title='bbox 1182 2062 1327 2120; x_wconf 63' lang='lat' dir='ltr'><strong>emautur</strong></span> 
     </span>
    </p>

    <p class='ocr_par' dir='ltr' id='par_1_4' title="bbox 241 2129 1330 2462">
     <span class='ocr_line' id='line_1_27' title="bbox 252 2129 1330 2203; baseline -0.002 -18"><span class='ocrx_word' id='word_1_222' title='bbox 252 2165 266 2174; x_wconf 80' lang='lat'><strong>-·</strong></span> <span class='ocrx_word' id='word_1_223' title='bbox 293 2130 342 2186; x_wconf 86' lang='lat' dir='ltr'><strong>sed</strong></span> <span class='ocrx_word' id='word_1_224' title='bbox 362 2129 399 2184; x_wconf 84' lang='lat' dir='ltr'><strong>ad</strong></span> <span class='ocrx_word' id='word_1_225' title='bbox 424 2130 501 2184; x_wconf 84' lang='lat' dir='ltr'><strong>solas</strong></span> <span class='ocrx_word' id='word_1_226' title='bbox 531 2129 582 2184; x_wconf 83' lang='lat' dir='ltr'><strong>tras</strong></span> <span class='ocrx_word' id='word_1_227' title='bbox 612 2132 788 2186; x_wconf 77' lang='lat' dir='ltr'><strong>narrationes</strong></span> <span class='ocrx_word' id='word_1_228' title='bbox 814 2130 976 2203; x_wconf 85' lang='lat' dir='ltr'><strong>respiciunt.</strong></span> <span class='ocrx_word' id='word_1_229' title='bbox 999 2159 1025 2173; x_wconf 58' lang='grc' dir='ltr'><strong>ψ</strong></span> <span class='ocrx_word' id='word_1_230' title='bbox 1059 2129 1140 2183; x_wconf 73' lang='lat' dir='ltr'><strong>ilaue</strong></span> <span class='ocrx_word' id='word_1_231' title='bbox 1167 2130 1223 2186; x_wconf 72' lang='lat' dir='ltr'><strong>iem</strong></span> <span class='ocrx_word' id='word_1_232' title='bbox 1246 2130 1330 2199; x_wconf 80' lang='lat' dir='ltr'><strong>Poly·</strong></span> 
     </span>
     <span class='ocr_line' id='line_1_28' title="bbox 242 2197 1329 2269; baseline -0.006 -15"><span class='ocrx_word' id='word_1_233' title='bbox 242 2201 303 2256; x_wconf 87' lang='lat' dir='ltr'><strong>bins</strong></span> <span class='ocrx_word' id='word_1_234' title='bbox 320 2201 398 2253; x_wconf 87' lang='lat' dir='ltr'><strong>novit</strong></span> <span class='ocrx_word' id='word_1_235' title='bbox 418 2206 445 2252; x_wconf 90' lang='lat' dir='ltr'><strong>et</strong></span> <span class='ocrx_word' id='word_1_236' title='bbox 465 2197 500 2260; x_wconf 82' lang='lat' dir='ltr'><strong>ad</strong></span> <span class='ocrx_word' id='word_1_237' title='bbox 519 2216 581 2252; x_wconf 87' lang='lat' dir='ltr'><strong>eam</strong></span> <span class='ocrx_word' id='word_1_238' title='bbox 600 2197 697 2266; x_wconf 78' lang='lat' dir='ltr'><strong>allusit</strong></span> <span class='ocrx_word' id='word_1_239' title='bbox 709 2199 762 2264; x_wconf 85' lang='lat' dir='ltr'><strong>Ill,</strong></span> <span class='ocrx_word' id='word_1_240' title='bbox 781 2199 814 2255; x_wconf 72' lang='lat'><strong>47</strong></span> <span class='ocrx_word' id='word_1_241' title='bbox 826 2217 866 2269; x_wconf 89' lang='lat' dir='ltr'><strong>sq.</strong></span> <span class='ocrx_word' id='word_1_242' title='bbox 886 2199 973 2266; x_wconf 84' lang='lat' dir='ltr'><strong>igitur</strong></span> <span class='ocrx_word' id='word_1_243' title='bbox 990 2197 1065 2266; x_wconf 86' lang='lat' dir='ltr'><strong>apud</strong></span> <span class='ocrx_word' id='word_1_244' title='bbox 1084 2197 1208 2257; x_wconf 82' lang='lat' dir='ltr'><strong>Silenum</strong></span> <span class='ocrx_word' id='word_1_245' title='bbox 1224 2197 1329 2260; x_wconf 63' lang='lat' dir='ltr'><strong>otter-</strong></span> 
     </span>
     <span class='ocr_line' id='line_1_29' title="bbox 244 2263 1329 2351; baseline -0.005 -26"><span class='ocrx_word' id='word_1_246' title='bbox 244 2277 319 2325; x_wconf 82' lang='lat' dir='ltr'><strong>tacse</strong></span> <span class='ocrx_word' id='word_1_247' title='bbox 345 2266 420 2339; x_wconf 85' lang='lat' dir='ltr'><strong>apud</strong></span> <span class='ocrx_word' id='word_1_248' title='bbox 444 2263 513 2324; x_wconf 87' lang='lat' dir='ltr'><strong>alios</strong></span> <span class='ocrx_word' id='word_1_249' title='bbox 538 2283 592 2351; x_wconf 68' lang='lat' dir='ltr'><strong>quo</strong></span> <span class='ocrx_word' id='word_1_250' title='bbox 616 2284 648 2320; x_wconf 90' lang='lat' dir='ltr'><strong>ue</strong></span> <span class='ocrx_word' id='word_1_251' title='bbox 676 2267 751 2337; x_wconf 71' lang='lat' dir='ltr'><strong>legit.</strong></span> <span class='ocrx_word' id='word_1_252' title='bbox 787 2268 834 2328; x_wconf 86' lang='lat' dir='ltr'><strong>Ab</strong></span> <span class='ocrx_word' id='word_1_253' title='bbox 859 2269 920 2337; x_wconf 89' lang='lat' dir='ltr'><strong>ipso</strong></span> <span class='ocrx_word' id='word_1_254' title='bbox 943 2266 1039 2326; x_wconf 76' lang='lat' dir='ltr'><strong>Sileno</strong></span> <span class='ocrx_word' id='word_1_255' title='bbox 1069 2283 1132 2331; x_wconf 78' lang='lat' dir='ltr'><strong>carp</strong></span> <span class='ocrx_word' id='word_1_256' title='bbox 1155 2266 1329 2337; x_wconf 73' lang='lat' dir='ltr'><strong>deprompsit</strong></span> 
     </span>
     <span class='ocr_line' id='line_1_30' title="bbox 241 2334 1329 2462; baseline -0.003 -67"><span class='ocrx_word' id='word_1_257' title='bbox 241 2338 297 2462; x_wconf 40' lang='grc' dir='ltr'><strong>Ι[ἔξω</strong></span> <span class='ocrx_word' id='word_1_258' title='bbox 313 2334 395 2459; x_wconf 51' lang='lat' dir='ltr'><strong>figes.</strong></span> <span class='ocrx_word' id='word_1_259' title='bbox 415 2354 462 2405; x_wconf 72' lang='lat' dir='ltr'><strong>ap·</strong></span> <span class='ocrx_word' id='word_1_260' title='bbox 485 2336 584 2391; x_wconf 74' lang='lat' dir='ltr'><strong>Zosas.</strong></span> <span class='ocrx_word' id='word_1_261' title='bbox 633 2334 684 2404; x_wconf 88' lang='lat' dir='ltr'><strong>Ill,</strong></span> <span class='ocrx_word' id='word_1_262' title='bbox 705 2338 755 2404; x_wconf 72' lang='lat'><strong>223</strong></span> <span class='ocrx_word' id='word_1_263' title='bbox 783 2356 801 2393; x_wconf 77' lang='lat' dir='ltr'><strong>e</strong></span> <span class='ocrx_word' id='word_1_264' title='bbox 820 2338 902 2393; x_wconf 88' lang='lat' dir='ltr'><strong>Livio</strong></span> <span class='ocrx_word' id='word_1_265' title='bbox 920 2335 1015 2391; x_wconf 77' lang='lat' dir='ltr'><strong>Valet.</strong></span> <span class='ocrx_word' id='word_1_266' title='bbox 1033 2334 1107 2390; x_wconf 84' lang='lat' dir='ltr'><strong>Max.</strong></span> <span class='ocrx_word' id='word_1_267' title='bbox 1125 2336 1193 2403; x_wconf 75' lang='lat'><strong>1‚.7,</strong></span> <span class='ocrx_word' id='word_1_268' title='bbox 1229 2335 1277 2395; x_wconf 71' lang='lat' dir='ltr'><strong>stt.</strong></span> <span class='ocrx_word' id='word_1_269' title='bbox 1294 2336 1329 2392; x_wconf 89' lang='lat' dir='ltr'><strong>lt.</strong></span> 
     </span>
    </p>
   </div>
   <div class='ocr_carea' id='block_1_3' title="bbox 206 2488 1330 3257">
    <p class='ocr_par' dir='ltr' id='par_1_5' title="bbox 206 2488 1330 3257">
     <span class='ocr_line' id='line_1_31' title="bbox 294 2488 1327 2574; baseline -0.001 -18"><span class='ocrx_word' id='word_1_270' title='bbox 294 2494 349 2572; x_wconf 70' lang='lat'><strong>44)</strong></span> <span class='ocrx_word' id='word_1_271' title='bbox 392 2490 511 2555; x_wconf 85' lang='lat' dir='ltr'><strong>Omnes</strong></span> <span class='ocrx_word' id='word_1_272' title='bbox 541 2490 600 2555; x_wconf 85' lang='lat' dir='ltr'><strong>hoc</strong></span> <span class='ocrx_word' id='word_1_273' title='bbox 623 2489 779 2563; x_wconf 80' lang='lat' dir='ltr'><strong>historici,</strong></span> <span class='ocrx_word' id='word_1_274' title='bbox 809 2490 923 2570; x_wconf 77' lang='lat' dir='ltr'><strong>Fabri,</strong></span> <span class='ocrx_word' id='word_1_275' title='bbox 953 2488 1061 2573; x_wconf 73' lang='lat' dir='ltr'><strong>tlellii,</strong></span> <span class='ocrx_word' id='word_1_276' title='bbox 1096 2490 1154 2555; x_wconf 85' lang='lat' dir='ltr'><strong>sed</strong></span> <span class='ocrx_word' id='word_1_277' title='bbox 1184 2492 1327 2574; x_wconf 69' lang='lat' dir='ltr'><strong>proxime</strong></span> 
     </span>
     <span class='ocr_line' id='line_1_32' title="bbox 208 2575 1327 2659; baseline -0.003 -14"><span class='ocrx_word' id='word_1_278' title='bbox 208 2578 347 2659; x_wconf 67' lang='lat' dir='ltr'><strong>Coelius„</strong></span> <span class='ocrx_word' id='word_1_279' title='bbox 390 2578 470 2641; x_wconf 83' lang='lat' dir='ltr'><strong>Cum</strong></span> <span class='ocrx_word' id='word_1_280' title='bbox 494 2575 574 2639; x_wconf 86' lang='lat' dir='ltr'><strong>bello</strong></span> <span class='ocrx_word' id='word_1_281' title='bbox 597 2576 711 2641; x_wconf 90' lang='lat' dir='ltr'><strong>Latino</strong></span> <span class='ocrx_word' id='word_1_282' title='bbox 737 2576 804 2639; x_wconf 90' lang='lat' dir='ltr'><strong>ludi</strong></span> <span class='ocrx_word' id='word_1_283' title='bbox 824 2575 923 2639; x_wconf 79' lang='lat' dir='ltr'><strong>votivi</strong></span> <span class='ocrx_word' id='word_1_284' title='bbox 952 2575 1087 2640; x_wconf 80' lang='lat' dir='ltr'><strong>trraximi</strong></span> <span class='ocrx_word' id='word_1_285' title='bbox 1113 2575 1251 2659; x_wconf 84' lang='lat' dir='ltr'><strong>primurn</strong></span> <span class='ocrx_word' id='word_1_286' title='bbox 1276 2576 1327 2656; x_wconf 87' lang='lat' dir='ltr'><strong>lle-</strong></span> 
     </span>
     <span class='ocr_line' id='line_1_33' title="bbox 207 2659 1328 2745; baseline 0.001 -16"><span class='ocrx_word' id='word_1_287' title='bbox 207 2672 296 2739; x_wconf 84' lang='lat' dir='ltr'><strong>reut‚</strong></span> <span class='ocrx_word' id='word_1_288' title='bbox 325 2664 436 2729; x_wconf 83' lang='lat' dir='ltr'><strong>civitas</strong></span> <span class='ocrx_word' id='word_1_289' title='bbox 460 2660 502 2725; x_wconf 88' lang='lat' dir='ltr'><strong>ad</strong></span> <span class='ocrx_word' id='word_1_290' title='bbox 520 2682 610 2737; x_wconf 78' lang='lat' dir='ltr'><strong>arma</strong></span> <span class='ocrx_word' id='word_1_291' title='bbox 632 2666 762 2745; x_wconf 87' lang='lat' dir='ltr'><strong>repente</strong></span> <span class='ocrx_word' id='word_1_292' title='bbox 785 2667 833 2727; x_wconf 87' lang='lat' dir='ltr'><strong>est</strong></span> <span class='ocrx_word' id='word_1_293' title='bbox 856 2659 1002 2725; x_wconf 66' lang='lat' dir='ltr'><strong>exc-itata.</strong></span> <span class='ocrx_word' id='word_1_294' title='bbox 1046 2662 1160 2742; x_wconf 85' lang='lat' dir='ltr'><strong>Itaque</strong></span> <span class='ocrx_word' id='word_1_295' title='bbox 1181 2660 1267 2738; x_wconf 78' lang='lat' dir='ltr'><strong>ludis</strong></span> <span class='ocrx_word' id='word_1_296' title='bbox 1285 2664 1328 2730; x_wconf 93' lang='lat' dir='ltr'><strong>in-</strong></span> 
     </span>
     <span class='ocr_line' id='line_1_34' title="bbox 208 2745 1330 2829; baseline -0.004 -14"><span class='ocrx_word' id='word_1_297' title='bbox 208 2748 363 2815; x_wconf 85' lang='lat' dir='ltr'><strong>termissis</strong></span> <span class='ocrx_word' id='word_1_298' title='bbox 386 2745 585 2813; x_wconf 79' lang='lat' dir='ltr'><strong>instaurativi</strong></span> <span class='ocrx_word' id='word_1_299' title='bbox 622 2746 783 2813; x_wconf 85' lang='lat' dir='ltr'><strong>constituti</strong></span> <span class='ocrx_word' id='word_1_300' title='bbox 814 2754 896 2811; x_wconf 83' lang='lat' dir='ltr'><strong>suut</strong></span> <span class='ocrx_word' id='word_1_301' title='bbox 942 2745 1004 2821; x_wconf 83' lang='lat' dir='ltr'><strong>Qui</strong></span> <span class='ocrx_word' id='word_1_302' title='bbox 1026 2748 1330 2829; x_wconf 79' lang='lat' dir='ltr'><strong>autequam-tierent</strong></span> 
     </span>
     <span class='ocr_line' id='line_1_35' title="bbox 209 2831 1328 2917; baseline -0.001 -18"><span class='ocrx_word' id='word_1_303' title='bbox 209 2854 344 2915; x_wconf 88' lang='lat' dir='ltr'><strong>cumque</strong></span> <span class='ocrx_word' id='word_1_304' title='bbox 367 2831 503 2917; x_wconf 87' lang='lat' dir='ltr'><strong>populus</strong></span> <span class='ocrx_word' id='word_1_305' title='bbox 531 2832 594 2896; x_wconf 86' lang='lat' dir='ltr'><strong>iam</strong></span> <span class='ocrx_word' id='word_1_306' title='bbox 618 2832 830 2914; x_wconf 80' lang='lat' dir='ltr'><strong>consedisset,</strong></span> <span class='ocrx_word' id='word_1_307' title='bbox 865 2850 974 2896; x_wconf 86' lang='lat' dir='ltr'><strong>servus</strong></span> <span class='ocrx_word' id='word_1_308' title='bbox 1001 2852 1060 2915; x_wconf 89' lang='lat' dir='ltr'><strong>per</strong></span> <span class='ocrx_word' id='word_1_309' title='bbox 1090 2832 1224 2917; x_wconf 73' lang='lat' dir='ltr'><strong>cneum,</strong></span> <span class='ocrx_word' id='word_1_310' title='bbox 1258 2852 1328 2898; x_wconf 86' lang='lat' dir='ltr'><strong>eum</strong></span> 
     </span>
     <span class='ocr_line' id='line_1_36' title="bbox 208 2916 1326 3001; baseline 0 -18"><span class='ocrx_word' id='word_1_311' title='bbox 208 2920 309 3001; x_wconf 71' lang='lat' dir='ltr'><strong>virgis</strong></span> <span class='ocrx_word' id='word_1_312' title='bbox 333 2918 534 2991; x_wconf 80' lang='lat' dir='ltr'><strong>caederetur,</strong></span> <span class='ocrx_word' id='word_1_313' title='bbox 566 2918 686 2982; x_wconf 84' lang='lat' dir='ltr'><strong>furcam</strong></span> <span class='ocrx_word' id='word_1_314' title='bbox 716 2918 821 2981; x_wconf 85' lang='lat' dir='ltr'><strong>ferens</strong></span> <span class='ocrx_word' id='word_1_315' title='bbox 849 2916 964 2981; x_wconf 88' lang='lat' dir='ltr'><strong>ductus</strong></span> <span class='ocrx_word' id='word_1_316' title='bbox 995 2923 1050 2984; x_wconf 89' lang='lat' dir='ltr'><strong>est.</strong></span> <span class='ocrx_word' id='word_1_317' title='bbox 1095 2918 1180 2982; x_wconf 78' lang='lat' dir='ltr'><strong>llxiu</strong></span> <span class='ocrx_word' id='word_1_318' title='bbox 1202 2918 1326 2990; x_wconf 82' lang='lat' dir='ltr'><strong>cuidam</strong></span> 
     </span>
     <span class='ocr_line' id='line_1_37' title="bbox 207 3002 1326 3087; baseline -0.001 -18"><span class='ocrx_word' id='word_1_319' title='bbox 207 3004 325 3071; x_wconf 89' lang='lat' dir='ltr'><strong>rustico</strong></span> <span class='ocrx_word' id='word_1_320' title='bbox 349 3006 495 3069; x_wconf 84' lang='lat' dir='ltr'><strong>Romano</strong></span> <span class='ocrx_word' id='word_1_321' title='bbox 518 3002 686 3067; x_wconf 82' lang='lat' dir='ltr'><strong>dormienti</strong></span> <span class='ocrx_word' id='word_1_322' title='bbox 707 3002 794 3067; x_wconf 85' lang='lat' dir='ltr'><strong>visus</strong></span> <span class='ocrx_word' id='word_1_323' title='bbox 807 3008 857 3067; x_wconf 90' lang='lat' dir='ltr'><strong>est</strong></span> <span class='ocrx_word' id='word_1_324' title='bbox 879 3002 987 3066; x_wconf 79' lang='lat' dir='ltr'><strong>venire</strong></span> <span class='ocrx_word' id='word_1_325' title='bbox 1006 3004 1065 3085; x_wconf 81' lang='lat' dir='ltr'><strong>&#39;qm</strong></span> <span class='ocrx_word' id='word_1_326' title='bbox 1084 3003 1216 3069; x_wconf 84' lang='lat' dir='ltr'><strong>diceret:</strong></span> <span class='ocrx_word' id='word_1_327' title='bbox 1238 3023 1326 3087; x_wconf 83' lang='lat' dir='ltr'><strong>prae-</strong></span> 
     </span>
     <span class='ocr_line' id='line_1_38' title="bbox 206 3088 1326 3171; baseline -0.004 -16"><span class='ocrx_word' id='word_1_328' title='bbox 206 3090 309 3156; x_wconf 85' lang='lat' dir='ltr'><strong>sulem</strong></span> <span class='ocrx_word' id='word_1_329' title='bbox 332 3090 390 3153; x_wconf 81' lang='lat' dir='ltr'><strong>sibi</strong></span> <span class='ocrx_word' id='word_1_330' title='bbox 411 3108 474 3151; x_wconf 91' lang='lat' dir='ltr'><strong>uon</strong></span> <span class='ocrx_word' id='word_1_331' title='bbox 495 3088 655 3171; x_wconf 81' lang='lat' dir='ltr'><strong>placuisse</strong></span> <span class='ocrx_word' id='word_1_332' title='bbox 678 3088 778 3170; x_wconf 87' lang='lat' dir='ltr'><strong>ludis,</strong></span> <span class='ocrx_word' id='word_1_333' title='bbox 803 3088 898 3169; x_wconf 86' lang='lat' dir='ltr'><strong>idque</strong></span> <span class='ocrx_word' id='word_1_334' title='bbox 920 3090 961 3151; x_wconf 85' lang='lat' dir='ltr'><strong>ab</strong></span> <span class='ocrx_word' id='word_1_335' title='bbox 982 3089 1094 3153; x_wconf 88' lang='lat' dir='ltr'><strong>eodem</strong></span> <span class='ocrx_word' id='word_1_336' title='bbox 1115 3092 1237 3153; x_wconf 86' lang='lat' dir='ltr'><strong>iussum</strong></span> <span class='ocrx_word' id='word_1_337' title='bbox 1259 3108 1326 3154; x_wconf 82' lang='lat' dir='ltr'><strong>esse</strong></span> 
     </span>
     <span class='ocr_line' id='line_1_39' title="bbox 206 3172 1328 3257; baseline -0.004 -16"><span class='ocrx_word' id='word_1_338' title='bbox 206 3194 279 3241; x_wconf 87' lang='lat' dir='ltr'><strong>oum</strong></span> <span class='ocrx_word' id='word_1_339' title='bbox 305 3175 430 3241; x_wconf 88' lang='lat' dir='ltr'><strong>senatui</strong></span> <span class='ocrx_word' id='word_1_340' title='bbox 452 3172 614 3257; x_wconf 71' lang='lat' dir='ltr'><strong>nomime,</strong></span> <span class='ocrx_word' id='word_1_341' title='bbox 647 3174 737 3237; x_wconf 87' lang='lat' dir='ltr'><strong>illum</strong></span> <span class='ocrx_word' id='word_1_342' title='bbox 763 3190 827 3236; x_wconf 92' lang='lat' dir='ltr'><strong>non</strong></span> <span class='ocrx_word' id='word_1_343' title='bbox 851 3192 921 3237; x_wconf 87' lang='lat' dir='ltr'><strong>esse</strong></span> <span class='ocrx_word' id='word_1_344' title='bbox 950 3192 1074 3241; x_wconf 80' lang='lat' dir='ltr'><strong>ausum.</strong></span> <span class='ocrx_word' id='word_1_345' title='bbox 1119 3174 1238 3237; x_wconf 89' lang='lat' dir='ltr'><strong>Iterum</strong></span> <span class='ocrx_word' id='word_1_346' title='bbox 1260 3194 1328 3239; x_wconf 89' lang='lat' dir='ltr'><strong>esse</strong></span> 
     </span>
    </p>
   </div>
   <div class='ocr_carea' id='block_1_4' title="bbox 208 3258 1427 3342">
    <p class='ocr_par' dir='ltr' id='par_1_6' title="bbox 208 3258 1427 3342">
     <span class='ocr_line' id='line_1_40' title="bbox 208 3258 1427 3342; baseline 0.001 -18"><span class='ocrx_word' id='word_1_347' title='bbox 208 3264 292 3327; x_wconf 79' lang='lat' dir='ltr'><strong>icem</strong></span> <span class='ocrx_word' id='word_1_348' title='bbox 317 3261 438 3325; x_wconf 87' lang='lat' dir='ltr'><strong>iussum</strong></span> <span class='ocrx_word' id='word_1_349' title='bbox 457 3265 488 3322; x_wconf 90' lang='lat' dir='ltr'><strong>et</strong></span> <span class='ocrx_word' id='word_1_350' title='bbox 506 3258 660 3323; x_wconf 91' lang='lat' dir='ltr'><strong>monitum</strong></span> <span class='ocrx_word' id='word_1_351' title='bbox 678 3277 719 3321; x_wconf 88' lang='lat' dir='ltr'><strong>ne</strong></span> <span class='ocrx_word' id='word_1_352' title='bbox 736 3259 801 3322; x_wconf 84' lang='lat' dir='ltr'><strong>rim</strong></span> <span class='ocrx_word' id='word_1_353' title='bbox 816 3279 906 3322; x_wconf 87' lang='lat' dir='ltr'><strong>suam</strong></span> <span class='ocrx_word' id='word_1_354' title='bbox 923 3259 1059 3341; x_wconf 85' lang='lat' dir='ltr'><strong>experiri</strong></span> <span class='ocrx_word' id='word_1_355' title='bbox 1074 3258 1185 3342; x_wconf 76' lang='lat' dir='ltr'><strong>vellet,</strong></span> <span class='ocrx_word' id='word_1_356' title='bbox 1209 3266 1326 3326; x_wconf 90' lang='lat' dir='ltr'><strong>netum</strong></span> <span class='ocrx_word' id='word_1_357' title='bbox 1426 3311 1427 3314; x_wconf 16' lang='grc' dir='ltr'>η</span> 
     </span>
    </p>
   </div>
   <div class='ocr_carea' id='block_1_5' title="bbox 207 3342 1328 3502">
    <p class='ocr_par' dir='ltr' id='par_1_7' title="bbox 207 3342 1328 3502">
     <span class='ocr_line' id='line_1_41' title="bbox 207 3342 1328 3429; baseline -0.002 -18"><span class='ocrx_word' id='word_1_358' title='bbox 207 3348 341 3429; x_wconf 84' lang='lat' dir='ltr'><strong>quidem</strong></span> <span class='ocrx_word' id='word_1_359' title='bbox 364 3364 434 3410; x_wconf 84' lang='lat' dir='ltr'><strong>esse</strong></span> <span class='ocrx_word' id='word_1_360' title='bbox 456 3362 577 3409; x_wconf 88' lang='lat' dir='ltr'><strong>ausum.</strong></span> <span class='ocrx_word' id='word_1_361' title='bbox 623 3344 706 3407; x_wconf 80' lang='lat' dir='ltr'><strong>Exin</strong></span> <span class='ocrx_word' id='word_1_362' title='bbox 735 3342 832 3424; x_wconf 87' lang='lat' dir='ltr'><strong>filium</strong></span> <span class='ocrx_word' id='word_1_363' title='bbox 863 3348 930 3408; x_wconf 85' lang='lat' dir='ltr'><strong>eius</strong></span> <span class='ocrx_word' id='word_1_364' title='bbox 960 3364 1030 3409; x_wconf 86' lang='lat' dir='ltr'><strong>esse</strong></span> <span class='ocrx_word' id='word_1_365' title='bbox 1051 3350 1226 3427; x_wconf 71' lang='lat' dir='ltr'><strong>mortuum,</strong></span> <span class='ocrx_word' id='word_1_366' title='bbox 1255 3364 1328 3409; x_wconf 82' lang='lat' dir='ltr'><strong>eerr-</strong></span> 
     </span>
     <span class='ocr_line' id='line_1_42' title="bbox 208 3428 1327 3502; baseline -0.003 -6"><span class='ocrx_word' id='word_1_367' title='bbox 208 3432 289 3497; x_wconf 89' lang='lat' dir='ltr'><strong>dem</strong></span> <span class='ocrx_word' id='word_1_368' title='bbox 324 3432 356 3495; x_wconf 91' lang='lat' dir='ltr'><strong>in</strong></span> <span class='ocrx_word' id='word_1_369' title='bbox 384 3431 503 3495; x_wconf 90' lang='lat' dir='ltr'><strong>somnis</strong></span> <span class='ocrx_word' id='word_1_370' title='bbox 540 3428 790 3493; x_wconf 84' lang='lat' dir='ltr'><strong>admonitionem</strong></span> <span class='ocrx_word' id='word_1_371' title='bbox 823 3429 920 3495; x_wconf 84' lang='lat' dir='ltr'><strong>luisse</strong></span> <span class='ocrx_word' id='word_1_372' title='bbox 947 3431 1080 3494; x_wconf 84' lang='lat' dir='ltr'><strong>tertiam.</strong></span> <span class='ocrx_word' id='word_1_373' title='bbox 1129 3431 1211 3502; x_wconf 80' lang='lat' dir='ltr'><strong>Tum</strong></span> <span class='ocrx_word' id='word_1_374' title='bbox 1240 3429 1327 3501; x_wconf 87' lang='lat' dir='ltr'><strong>illum</strong></span> 
     </span>
    </p>
   </div>
   <div class='ocr_carea' id='block_1_6' title="bbox 207 3514 1427 3593">
    <p class='ocr_par' dir='ltr' id='par_1_8' title="bbox 207 3514 1427 3593">
     <span class='ocr_line' id='line_1_43' title="bbox 207 3514 1427 3593; baseline 0 -12"><span class='ocrx_word' id='word_1_375' title='bbox 207 3524 239 3581; x_wconf 89' lang='lat' dir='ltr'><strong>et</strong></span> <span class='ocrx_word' id='word_1_376' title='bbox 256 3535 308 3582; x_wconf 84' lang='lat' dir='ltr'><strong>am</strong></span> <span class='ocrx_word' id='word_1_377' title='bbox 332 3516 467 3581; x_wconf 87' lang='lat' dir='ltr'><strong>debilem</strong></span> <span class='ocrx_word' id='word_1_378' title='bbox 490 3514 607 3579; x_wconf 85' lang='lat' dir='ltr'><strong>iactum</strong></span> <span class='ocrx_word' id='word_1_379' title='bbox 635 3534 701 3578; x_wconf 90' lang='lat' dir='ltr'><strong>rem</strong></span> <span class='ocrx_word' id='word_1_380' title='bbox 723 3516 766 3579; x_wconf 87' lang='lat' dir='ltr'><strong>ad</strong></span> <span class='ocrx_word' id='word_1_381' title='bbox 788 3516 907 3581; x_wconf 88' lang='lat' dir='ltr'><strong>amicos</strong></span> <span class='ocrx_word' id='word_1_382' title='bbox 932 3515 1097 3591; x_wconf 87' lang='lat' dir='ltr'><strong>detulisse,</strong></span> <span class='ocrx_word' id='word_1_383' title='bbox 1132 3532 1267 3593; x_wconf 88' lang='lat' dir='ltr'><strong>quorum</strong></span> <span class='ocrx_word' id='word_1_384' title='bbox 1289 3516 1327 3581; x_wconf 87' lang='lat' dir='ltr'><strong>de</strong></span> <span class='ocrx_word' id='word_1_385' title='bbox 1426 3519 1427 3526; x_wconf 77' lang='grc'>’</span> 
     </span>
    </p>
   </div>
   <div class='ocr_carea' id='block_1_7' title="bbox 205 3599 1325 4030">
    <p class='ocr_par' dir='ltr' id='par_1_9' title="bbox 205 3599 1325 3940">
     <span class='ocr_line' id='line_1_44' title="bbox 205 3599 1325 3680; baseline -0.003 -12"><span class='ocrx_word' id='word_1_386' title='bbox 205 3602 374 3668; x_wconf 79' lang='lat' dir='ltr'><strong>sententia</strong></span> <span class='ocrx_word' id='word_1_387' title='bbox 395 3599 541 3664; x_wconf 86' lang='lat' dir='ltr'><strong>lecticula</strong></span> <span class='ocrx_word' id='word_1_388' title='bbox 566 3600 739 3665; x_wconf 89' lang='lat' dir='ltr'><strong>incuriam</strong></span> <span class='ocrx_word' id='word_1_389' title='bbox 762 3619 832 3667; x_wconf 86' lang='lat' dir='ltr'><strong>esse</strong></span> <span class='ocrx_word' id='word_1_390' title='bbox 855 3601 1010 3676; x_wconf 89' lang='lat' dir='ltr'><strong>delatum,</strong></span> <span class='ocrx_word' id='word_1_391' title='bbox 1045 3617 1181 3680; x_wconf 87' lang='lat' dir='ltr'><strong>cumque</strong></span> <span class='ocrx_word' id='word_1_392' title='bbox 1203 3600 1325 3665; x_wconf 89' lang='lat' dir='ltr'><strong>senatui</strong></span> 
     </span>
     <span class='ocr_line' id='line_1_45' title="bbox 207 3684 1325 3769; baseline -0.002 -16"><span class='ocrx_word' id='word_1_393' title='bbox 207 3688 363 3753; x_wconf 89' lang='lat' dir='ltr'><strong>somnium</strong></span> <span class='ocrx_word' id='word_1_394' title='bbox 380 3685 602 3762; x_wconf 82' lang='lat' dir='ltr'><strong>enarravisset,</strong></span> <span class='ocrx_word' id='word_1_395' title='bbox 626 3686 760 3769; x_wconf 85' lang='lat' dir='ltr'><strong>pedibus</strong></span> <span class='ocrx_word' id='word_1_396' title='bbox 780 3687 844 3751; x_wconf 86' lang='lat' dir='ltr'><strong>suis</strong></span> <span class='ocrx_word' id='word_1_397' title='bbox 859 3686 988 3749; x_wconf 91' lang='lat' dir='ltr'><strong>domum</strong></span> <span class='ocrx_word' id='word_1_398' title='bbox 1001 3684 1178 3751; x_wconf 87' lang='lat' dir='ltr'><strong>revertisse.</strong></span> <span class='ocrx_word' id='word_1_399' title='bbox 1211 3686 1325 3769; x_wconf 85' lang='lat' dir='ltr'><strong>ltaque</strong></span> 
     </span>
     <span class='ocr_line' id='line_1_46' title="bbox 207 3769 1324 3855; baseline -0.003 -16"><span class='ocrx_word' id='word_1_400' title='bbox 207 3774 329 3839; x_wconf 87' lang='lat' dir='ltr'><strong>somnio</strong></span> <span class='ocrx_word' id='word_1_401' title='bbox 357 3771 563 3855; x_wconf 83' lang='lat' dir='ltr'><strong>comprobato</strong></span> <span class='ocrx_word' id='word_1_402' title='bbox 591 3792 611 3836; x_wconf 87' lang='lat' dir='ltr'><strong>a</strong></span> <span class='ocrx_word' id='word_1_403' title='bbox 638 3782 750 3837; x_wconf 86' lang='lat' dir='ltr'><strong>senatu</strong></span> <span class='ocrx_word' id='word_1_404' title='bbox 769 3771 862 3835; x_wconf 86' lang='lat' dir='ltr'><strong>ludos</strong></span> <span class='ocrx_word' id='word_1_405' title='bbox 885 3769 955 3833; x_wconf 91' lang='lat' dir='ltr'><strong>illos</strong></span> <span class='ocrx_word' id='word_1_406' title='bbox 987 3769 1101 3835; x_wconf 90' lang='lat' dir='ltr'><strong>iterum</strong></span> <span class='ocrx_word' id='word_1_407' title='bbox 1131 3770 1324 3837; x_wconf 83' lang='lat' dir='ltr'><strong>instaurator</strong></span> 
     </span>
     <span class='ocr_line' id='line_1_47' title="bbox 208 3855 1097 3940; baseline 0.001 -19"><span class='ocrx_word' id='word_1_408' title='bbox 208 3858 380 3923; x_wconf 88' lang='lat' dir='ltr'><strong>memoriae</strong></span> <span class='ocrx_word' id='word_1_409' title='bbox 403 3857 563 3940; x_wconf 89' lang='lat' dir='ltr'><strong>proditum</strong></span> <span class='ocrx_word' id='word_1_410' title='bbox 586 3866 642 3923; x_wconf 90' lang='lat' dir='ltr'><strong>est.</strong></span> <span class='ocrx_word' id='word_1_411' title='bbox 687 3858 751 3923; x_wconf 80' lang='lat' dir='ltr'><strong>Oic.</strong></span> <span class='ocrx_word' id='word_1_412' title='bbox 776 3857 816 3919; x_wconf 89' lang='lat' dir='ltr'><strong>de</strong></span> <span class='ocrx_word' id='word_1_413' title='bbox 838 3855 892 3919; x_wconf 85' lang='lat' dir='ltr'><strong>div</strong></span> <span class='ocrx_word' id='word_1_414' title='bbox 922 3860 946 3939; x_wconf 86' lang='grc' dir='ltr'><strong>Ι,</strong></span> <span class='ocrx_word' id='word_1_415' title='bbox 968 3858 1019 3939; x_wconf 79' lang='lat' dir='ltr'><strong>ao,</strong></span> <span class='ocrx_word' id='word_1_416' title='bbox 1044 3857 1097 3922; x_wconf 77' lang='lat' dir='ltr'><strong>dd.</strong></span> 
     </span>
    </p>

    <p class='ocr_par' dir='ltr' id='par_1_10' title="bbox 276 3954 1321 4030">
     <span class='ocr_line' id='line_1_48' title="bbox 276 3954 1321 4030; baseline -0.007 -15"><span class='ocrx_word' id='word_1_417' title='bbox 276 3960 356 4015; x_wconf 84' lang='lat' dir='ltr'><strong>Idem</strong></span> <span class='ocrx_word' id='word_1_418' title='bbox 383 3962 489 4013; x_wconf 78' lang='lat' dir='ltr'><strong>taetrum</strong></span> <span class='ocrx_word' id='word_1_419' title='bbox 515 3966 628 4011; x_wconf 84' lang='lat' dir='ltr'><strong>narrant</strong></span> <span class='ocrx_word' id='word_1_420' title='bbox 648 3958 765 4029; x_wconf 64' lang='lat' dir='ltr'><strong>Dionys.</strong></span> <span class='ocrx_word' id='word_1_421' title='bbox 803 3958 835 4010; x_wconf 78' lang='lat' dir='ltr'><strong>A.</strong></span> <span class='ocrx_word' id='word_1_422' title='bbox 857 3956 887 4009; x_wconf 82' lang='lat' dir='ltr'><strong>a.</strong></span> <span class='ocrx_word' id='word_1_423' title='bbox 910 3954 983 4023; x_wconf 85' lang='lat' dir='ltr'><strong>Vll,</strong></span> <span class='ocrx_word' id='word_1_424' title='bbox 1008 3956 1048 4009; x_wconf 82' lang='lat' dir='ltr'><strong>ta.</strong></span> <span class='ocrx_word' id='word_1_425' title='bbox 1069 3957 1110 4011; x_wconf 87' lang='grc'><strong>69.</strong></span> <span class='ocrx_word' id='word_1_426' title='bbox 1136 3956 1198 4014; x_wconf 80' lang='lat' dir='ltr'><strong>Liv.</strong></span> <span class='ocrx_word' id='word_1_427' title='bbox 1217 3958 1259 4030; x_wconf 84' lang='lat' dir='ltr'><strong>ll,</strong></span> <span class='ocrx_word' id='word_1_428' title='bbox 1281 3958 1321 4013; x_wconf 79' lang='grc'><strong>36.</strong></span> 
     </span>
    </p>
   </div>
   <div class='ocr_carea' id='block_1_8' title="bbox 243 4015 1329 4164">
    <p class='ocr_par' dir='ltr' id='par_1_11' title="bbox 243 4015 1329 4164">
     <span class='ocr_line' id='line_1_49' title="bbox 243 4015 1323 4100; baseline -0.002 -17"><span class='ocrx_word' id='word_1_429' title='bbox 243 4029 321 4085; x_wconf 79' lang='lat' dir='ltr'><strong>cns</strong></span> <span class='ocrx_word' id='word_1_430' title='bbox 338 4020 439 4083; x_wconf 82' lang='lat' dir='ltr'><strong>Coriol.</strong></span> <span class='ocrx_word' id='word_1_431' title='bbox 457 4027 499 4079; x_wconf 74' lang='lat'><strong>24.</strong></span> <span class='ocrx_word' id='word_1_432' title='bbox 527 4026 621 4081; x_wconf 82' lang='lat' dir='ltr'><strong>Valer.</strong></span> <span class='ocrx_word' id='word_1_433' title='bbox 641 4026 713 4080; x_wconf 71' lang='lat' dir='ltr'><strong>llas</strong></span> <span class='ocrx_word' id='word_1_434' title='bbox 733 4024 812 4092; x_wconf 80' lang='lat' dir='ltr'><strong>1,-t.</strong></span> <span class='ocrx_word' id='word_1_435' title='bbox 840 4026 938 4095; x_wconf 83' lang='lat' dir='ltr'><strong>trisque</strong></span> <span class='ocrx_word' id='word_1_436' title='bbox 960 4024 1124 4080; x_wconf 71' lang='lat' dir='ltr'><strong>auctoribus</strong></span> <span class='ocrx_word' id='word_1_437' title='bbox 1148 4015 1323 4100; x_wconf 71' lang='lat' dir='ltr'><strong>referendum</strong></span> 
     </span>
     <span class='ocr_line' id='line_1_50' title="bbox 244 4094 1329 4164; baseline -0.002 -14"><span class='ocrx_word' id='word_1_438' title='bbox 244 4107 287 4151; x_wconf 87' lang='lat' dir='ltr'><strong>est</strong></span> <span class='ocrx_word' id='word_1_439' title='bbox 309 4097 346 4153; x_wconf 74' lang='lat' dir='ltr'><strong>ed</strong></span> <span class='ocrx_word' id='word_1_440' title='bbox 370 4114 395 4151; x_wconf 77' lang='lat' dir='ltr'><strong>a</strong></span> <span class='ocrx_word' id='word_1_441' title='bbox 419 4110 444 4149; x_wconf 74' lang='grc' dir='ltr'><strong>ι.</strong></span> <span class='ocrx_word' id='word_1_442' title='bbox 467 4113 494 4149; x_wconf 84' lang='grc' dir='ltr'><strong>ιι.</strong></span> <span class='ocrx_word' id='word_1_443' title='bbox 522 4111 548 4149; x_wconf 87' lang='lat' dir='ltr'><strong>c.</strong></span> <span class='ocrx_word' id='word_1_444' title='bbox 564 4094 623 4149; x_wconf 76' lang='lat' dir='ltr'><strong>tec.</strong></span> <span class='ocrx_word' id='word_1_445' title='bbox 662 4095 772 4149; x_wconf 84' lang='lat' dir='ltr'><strong>Livium</strong></span> <span class='ocrx_word' id='word_1_446' title='bbox 798 4094 949 4153; x_wconf 73' lang='lat' dir='ltr'><strong>manifesto</strong></span> <span class='ocrx_word' id='word_1_447' title='bbox 975 4099 1089 4164; x_wconf 66' lang='lat' dir='ltr'><strong>cemus</strong></span> <span class='ocrx_word' id='word_1_448' title='bbox 1120 4094 1329 4154; x_wconf 58' lang='lat' dir='ltr'><strong>crtullnleriw</strong></span> 
     </span>
    </p>
   </div>
   <div class='ocr_carea' id='block_1_9' title="bbox 0 0 1442 4650">
    <p class='ocr_par' dir='ltr' id='par_1_12' title="bbox 0 0 1442 4650">
     <span class='ocr_line' id='line_1_51' title="bbox 0 0 1442 4650; baseline 0 0"><span class='ocrx_word' id='word_1_449' title='bbox 0 0 1442 4650; x_wconf 95' lang='lat' dir='ltr'><strong> </strong></span> 
     </span>
    </p>
   </div>
  </div>
 </body>
</html>
