2867 4650
754 214 797 282 48

208 419 238 432 —-
258 387 359 471 Igitur
371 383 488 468 Livius,
512 403 533 448 a
574 403 615 451 uo
637 383 760 450 initium
781 384 872 452 nobis
893 382 1074 454 laciendum
1097 392 1154 465 est
1176 406 1260 470 quae
1280 389 1323 457 de

204 471 286 539 bello
308 469 428 538 Punico
451 404 590 536 secungo
612 469 704 536 tertia
727 470 832 554 operis
853 469 973 536 decade
992 471 1121 537 tradidit
1140 511 1180 520 -
1204 493 1320 560 excep-

203 558 244 624 tis
266 557 385 624 sufficet
407 555 452 622 eis
475 575 558 636 quac
580 575 637 654 per
659 575 694 620 se
719 555 862 622 eiusdem
882 556 1033 640 temporis
1056 557 1321 642 descriptionibus

202 645 348 711 omnibus
371 640 551 707 communia
569 648 631 706 smt
652 647 777 724 oportet
805 679 846 690 —
876 641 909 706 in
929 641 992 706 duo
1015 643 1106 724 quasi
1128 663 1249 726 genera
1272 645 1319 712 di-

202 728 340 795 videnda
362 734 450 810 sunt,
483 744 618 807 quorum
640 725 773 792 alterum
798 745 884 790 mere
914 747 935 790 a
957 726 1091 812 Polybio
1116 729 1318 814 desumptum

201 821 263 898 est,
300 815 436 880 alterum
465 812 507 876 ab
529 812 692 877 annalium
725 812 930 895 scriptoribus
951 813 1106 896 Romanis
1134 823 1167 880 et
1186 816 1318 884 Graccis

200 900 279 981 illis,
298 917 379 981 quos
401 917 498 980 supra
520 896 671 981 diximus,
700 895 869 972 historicis,
892 898 1000 962 Sileno
1022 900 1182 982 maxime,
1202 902 1317 981 Sosilo,

199 986 277 1052 aliis.
320 985 370 1050 lla
390 988 425 1048 ut
448 982 628 1049 etiamnunc
649 982 731 1048 inter
749 1001 786 1048 se
808 981 943 1048 discerni
965 985 1106 1068 possint,
1142 987 1213 1070 ipsa
1234 987 1319 1054 Livii

200 1091 264 1154 qua
285 1089 365 1155 opus
386 1087 478 1134 suum
501 1067 711 1134 conscriberet
733 1067 855 1134 ratione
874 1069 993 1134 factum
1013 1078 1070 1136 est.
1091 1071 1123 1136 Is
1146 1072 1230 1136 enim
1251 1095 1316 1140 non

200 1177 297 1225 unum
321 1156 512 1230 alterumve,
547 1153 631 1235 quod
661 1153 701 1218 de
723 1153 850 1218 criticae
876 1155 952 1221 artis
982 1156 1160 1240 praeceptis
1188 1158 1316 1224 omnino

198 1245 315 1315 bonum
338 1258 511 1319 verumque
532 1239 591 1304 sibi
611 1238 779 1322 rideretur,
799 1239 859 1304 sibi
873 1242 1053 1325 assumpsit,
1077 1242 1241 1308 sedmodo
1256 1244 1318 1310 hoc

198 1329 292 1394 modo
315 1324 394 1390 illud
424 1363 465 1374 -
492 1323 543 1390 hic
570 1324 632 1389 illic
656 1325 756 1390 altero
780 1331 837 1388 aut
857 1333 1009 1407 tanquam
1030 1326 1126 1392 dubio
1147 1328 1199 1392 vel
1229 1335 1316 1395 certe

197 1411 350 1478 memoria
370 1410 468 1492 digno
491 1409 637 1494 apposito
652 1417 707 1474 aut
722 1418 833 1494 aperte
854 1411 1042 1478 refutato-
1062 1419 1197 1496 secutus,
1221 1415 1315 1482 iuter-

197 1499 273 1564 dum
294 1496 390 1562 etiam
413 1497 507 1560 ambo
532 1495 612 1560 inter
632 1515 667 1560 se
689 1495 883 1578 coniungere
903 1505 1035 1564 conatus
1056 1506 1111 1562 est.
1146 1499 1238 1564 Mixti
1258 1520 1314 1566 au-

196 1593 259 1650 tem
275 1581 407 1666 ¹generis
426 1579 519 1662 illius,
541 1579 626 1661 quod
646 1580 791 1660 dixerim,
813 1589 1036 1664 praeterquam
1051 1584 1139 1663 quod
1152 1604 1204 1648 res
1224 1584 1316 1668 ipsae

195 1669 287 1734 aliter
310 1686 348 1732 ao
370 1664 523 1749 Polybius
546 1665 675 1731 tradidit
702 1671 814 1747 gestae
842 1676 1028 1751 narrantur,
1062 1670 1123 1733 hoc
1148 1672 1313 1752 proprium

199 1763 262 1839 est,
298 1750 384 1834 quod
406 1751 473 1815 eius
495 1759 605 1816 auctor
627 1752 678 1815 vel
701 1761 846 1838 auctores
870 1759 901 1817 et
927 1754 969 1819 ad
992 1774 1048 1833 ea,
1087 1773 1170 1836 quae
1189 1757 1315 1822 Romae

193 1841 306 1906 fierent
327 1844 424 1919 atque
446 1835 488 1900 ad
512 1837 740 1920 rempublicam
750 1838 929 1903 Romanam
952 1839 1152 1923 pertinerent,
1176 1840 1312 1924 Polybio

195 1926 292 1990 multo
322 1921 427 2004 magis
450 1923 648 2006 respexerint
680 1931 711 1987 et
734 1923 1042 1990 narratiuncularnm
1062 1924 1314 2008 fabellarumque

195 2049 235 2060 -
258 2011 368 2092 quales
398 2007 526 2089 quidem
549 2008 790 2092 apragmatica
810 2009 996 2075 scribendae
1018 2009 1168 2075 historiae
1189 2012 1314 2078 ratione

193 2113 323 2180 prorsus
344 2093 469 2159 alienae
488 2100 561 2159 sunt
583 2133 621 2142 -
646 2094 877 2159 narrandarum
899 2095 1027 2176 aliquod
1039 2095 1177 2160 studium
1192 2095 1312 2163 habue-

195 2181 265 2246 rint.
308 2182 350 2244 Et
372 2179 527 2244 eiusmodi
551 2180 679 2261 quidem
701 2179 955 2244 narratiunculae
985 2181 1160 2246 maximam
1185 2191 1310 2268 partem

194 2268 290 2336 etiam
308 2265 395 2351 apud
413 2265 560 2332 Cassium
582 2265 717 2331 Dionem
739 2267 922 2346 (Zonaram)
945 2274 977 2332 et
997 2266 1182 2351 Appianum
1217 2288 1311 2353 prae-

194 2362 338 2435 terquam
363 2351 449 2433 quod
468 2351 500 2415 in
523 2351 593 2416 aliis
621 2370 748 2433 quoque
777 2351 869 2416 rebus
896 2372 968 2417 cum
997 2354 1075 2432 hoo,
1108 2319 1196 2433 quod
1222 2355 1310 2439 apud

194 2440 319 2503 Livium
340 2444 396 2514 est,
419 2455 536 2519 genere
555 2444 749 2519 congruunt,
769 2436 986 2524 inveniuntur,
1009 2457 1089 2520 quos
1113 2458 1185 2503 cum
1208 2440 1307 2506 Grae-

202 2584 402 2599 ...W-“⁶

194 2638 359 2703 habeamus,
384 2635 415 2689 in
431 2642 538 2691 ceteros
553 2637 614 2691 fieri
632 2636 716 2690 debet
733 2653 766 2690 ac
782 2636 843 2691 iure
859 2635 893 2689 fit
910 2638 1051 2693 conclusio
1094 2640 1178 2695 sitnm
1194 2640 1246 2695 reli
1264 2642 1310 2695 uis

192 2712 221 2761 ct
241 2705 320 2759 libris
345 2710 374 2757 et
399 2704 466 2759 belli
489 2705 589 2760 Punici
612 2706 726 2759 secundi
743 2705 923 2775 scriptoribus
947 2680 1151 2777 comprehensis
1178 2726 1212 2764 ea
1242 2658 1309 2778 lqere,

192 2791 308 2845 quorum
328 2790 461 2827 summam
481 2774 533 2827 iam
553 2774 582 2828 in
599 2774 780 2844 sequentibus
798 2773 950 2841 exhibebo,
966 2777 1125 2845 proposuit,
1154 2795 1309 2848 quaecum

191 2843 251 2914 ipse
268 2840 416 2922 diligenter
431 2848 620 2922 perscrutatus
637 2843 699 2911 sim,
732 2843 909 2897 metuendum
926 2852 1056 2913 nonest,
1086 2863 1122 2899 ne
1140 2852 1243 2901 temere
1260 2862 1304 2900 me

191 2928 282 2965 assum
304 2926 372 2964 srssc
416 2928 459 2965 ms
482 2910 562 2964 dicat
594 2910 750 2966 Novissime
772 2911 866 2965 Peteri
888 2912 1053 2966 sententiam
1078 2914 1114 2967 im
1213 2914 1254 2969 rit
1274 2913 1306 2969 0.

190 2930 340 3034 Boettcbcr
355 2978 384 3031 in
416 2978 499 3033 'bello
516 2979 562 3033 cui
581 2980 743 3034 inscribitur
760 2978 959 3048 ‚,Quacstiones
976 2981 1089 3036 criticae
1106 2932 1215 3037 ἓξὲξ
1231 2982 1306 3037 Livii

189 3048 255 3102 libri
275 3048 355 3101 XXl.
373 3053 401 3101 et
418 3046 510 3101 XXll.
531 3047 671 3116 fontibus,
701 3049 860 3118 Regimont.
882 3048 976 3117 rbem,
1006 3049 1079 3104 hanc
1103 3052 1214 3121 quidem
1232 3052 1306 3105 viam

190 3117 342 3189 ingressus:
369 3115 493 3184 ‚,Livium
512 3122 540 3170 et
559 3116 709 3197 Polybium
729 3116 758 3169 in
778 3115 819 3170 eis
834 3116 957 3187 praxime
972 3118 1055 3172 rebus
1074 3118 1147 3173 inter
1162 3136 1191 3173 se
1207 3136 1305 3174 conve—

188 3185 259 3253 nire,
277 3201 348 3256 quae
367 3190 452 3255 agant
469 3186 503 3238 de
524 3184 683 3239 Hannibale
701 3190 730 3239 et
750 3184 1006 3255 Kartaginiensium
1026 3188 1155 3242 exercitu.
1190 3188 1305 3257 Polybii

188 3254 293 3308 fontem
317 3254 466 3324 praecipue
486 3268 530 3307 res
551 3254 588 3307 ab
610 3253 652 3306 his
696 3259 770 3307 estas
792 3254 946 3321 continere,
963 3254 1023 3307 eius
1042 3262 1180 3309 auctorem
1205 3263 1305 3310 testem

188 3340 246 3376 esse
274 3323 414 3375 oculatum
440 3327 469 3375 et
495 3321 524 3375 in
553 3322 650 3375 castris
708 3320 936 3391 artaginiensium
966 3324 1203 3395 probabiliterque
1241 3342 1303 3378 cum

189 3389 348 3445 Hannibale
365 3389 564 3443 consuetudine
582 3390 760 3443 coniunctum
778 3390 880 3457 fuisse3
900 3396 928 3444 et
939 3392 1013 3445 hunc
1030 3393 1141 3462 quidem
1159 3408 1219 3447 esse
1236 3394 1303 3447 Sile

189 3476 263 3513 uum.
297 3459 356 3512 Iam
374 3475 439 3513 vero
459 3457 570 3511 Livium
590 3475 605 3511 e
620 3458 742 3539 Polybio
757 3459 835 3513 nullo
852 3458 935 3512 modo
952 3460 1090 3528 hausisse,
1112 3461 1167 3515 imo
1185 3462 1302 3515 cundem

187 3526 293 3581 fontem
312 3526 434 3581 Silenum
451 3526 590 3593 habuisse,
608 3528 656 3593 sed
672 3534 720 3594 rta,
737 3533 841 3581 utnon
857 3527 895 3581 ab
913 3526 973 3597 ipso
989 3526 1090 3596 Sileno,
1108 3530 1157 3582 sed
1167 3530 1203 3583 ab
1216 3546 1302 3583 anna-

185 3593 255 3651 lium
272 3596 403 3665 scriptore
423 3594 502 3648 illum
524 3600 631 3662 secuto,
663 3594 711 3665 qui
732 3596 815 3649 etiam
837 3612 881 3649 res
902 3596 1008 3649 Romae
1035 3603 1131 3669 gestas
1149 3597 1302 3652 addidisset

186 3664 309 3719 accurati
362 3680 397 3719 ne
414 3664 450 3717 ad
467 3680 514 3718 eas
531 3662 706 3733 respexisset,
725 3681 759 3717 ea
776 3664 806 3717 in
824 3663 925 3734 quibus
942 3681 1006 3717 cum
1023 3665 1143 3735 Polybio
1164 3671 1302 3733 congruat

187 3732 339 3803 accepisse3
377 3749 431 3786 unc
448 3739 541 3786 autem
556 3750 615 3787 esse
626 3730 774 3786 erliumf‘
802 3732 857 3796 Qui
871 3732 983 3786 libellus
1000 3751 1062 3787 curn
1079 3750 1140 3788 sero
1154 3734 1185 3786 in
1203 3752 1301 3787 manus

185 3818 260 3855 meas
279 3801 384 3857 venerit
400 3818 451 3855 nec
468 3800 550 3855 huius
567 3800 622 3854 loci
632 3800 712 3868 ratio,
730 3806 763 3853 ut
779 3800 892 3853 uberius
909 3817 981 3871 quae
999 3801 1046 3857 ille
1068 3803 1243 3872 proposuerit
1259 3820 1300 3857 re·

184 3869 281 3938 sutem,
299 3870 449 3941 permittat,
467 3869 504 3922 ad
521 3870 596 3941 ipsos
612 3874 721 3923 tantum
738 3886 833 3924 eorum
847 3868 934 3922 libros
945 3869 1069 3940 relegare
1082 3888 1211 3940 possum,
1228 3887 1299 3941 quos

185 3940 208 3991 si
225 3938 297 3993 inter
315 3956 344 3993 se
364 3940 575 4009 comparaveris,
602 3938 798 3992 Boettcherum
817 3955 835 3992 a
857 3936 936 3991 falsis
957 3939 1100 4018 principiis
1124 3956 1299 4009 progressum

184 4007 257 4061 falsa
277 4008 443 4061 contendere
461 4006 543 4061 facile
567 4023 707 4087 agnosces.
744 4007 791 4059 Ad
812 4023 895 4076 quarn
918 4008 1029 4077 qurdem
1053 4008 1219 4061 sententiam
1242 4025 1298 4061 am-

186 4075 260 4143 plius
278 4074 487 4144 defendendam,
505 4076 530 4129 si
547 4093 608 4146 qurs
624 4074 814 4143 postulaverit,
832 4082 947 4146 paratus
964 4092 1018 4128 ero.
