2867 4650
617 235 659 345 ri

167 428 202 514 3)
224 429 351 498 Coelius
365 433 398 497 in
421 433 453 498 i:
478 433 657 518 Antequam
679 430 805 498 Barcha
821 430 968 515 perierat,
991 431 1045 498 alii
1067 431 1116 498 rei
1139 451 1199 500 can

78 537 115 582 sa
133 514 166 580 in
188 515 330 583 Africam
350 518 473 584 missus.
518 518 614 584 Prisc.
635 518 725 602 Xlll,
747 519 779 600 3,
799 519 841 582 12
863 518 925 598 led.
947 520 988 584 M.
1012 520 1132 600 Hertz).

148 602 243 656 Antea
258 618 315 656 non
330 608 406 660 recte
420 603 552 684 legebant
571 608 629 670 „est
641 602 757 657 missus“
776 608 805 657 et
823 602 876 657 hoc
890 605 1045 676 exemplum
1063 603 1203 676 quoddam

111 670 251 741 putabant
267 688 327 726 esse
347 672 516 728 treiectronis
533 672 609 726 illius
625 672 783 739 verborum,
801 672 836 725 de
853 689 910 744 qua
926 672 962 726 ef.
980 673 1015 728 fr.
1035 675 1067 742 13
1082 702 1118 712 -
1132 670 1203 725 iniu-

112 739 154 794 ria
169 739 212 794 illi
249 740 347 794 uidem.
368 771 401 782 -
420 737 606 795 Hamilcarem
622 740 742 795 Baream
762 747 790 794 et
806 740 836 794 in
853 741 907 795 hoc
925 747 953 796 et
970 741 1000 796 in
1018 757 1049 796 eo
1068 742 1144 812 quod
1161 756 1202 794 se·

112 807 208 879 quitur
224 758 380 880 ingruente
396 809 611 881 intellegendum
630 825 689 864 esse
706 815 921 864 consentaneum
938 816 988 865 est.
1007 811 1155 864 Praeterea
1180 808 1203 861 si

112 883 186 931 recte
204 877 306 946 Nauts,
323 897 370 950 pg.
388 880 439 948 21.,
456 879 500 932 his
510 877 601 933 verbis
610 878 798 933 Hannibalem
809 877 959 950 significari
977 879 1094 950 putavit,
1113 879 1142 931 id
1162 877 1201 930 sic

114 945 280 1016 explicemus
301 951 421 1018 oportet,
442 952 474 1000 ut
497 947 637 1016 Coelium,
655 965 717 1001 oum
735 947 922 1001 Hannibalem
945 948 1035 1015 alteri,
1054 954 1201 1018 postquem

114 1015 909 1140 ttttwtttldtttdbttttttrmtttl
919 1012 1203 1139 deil⁸⁶¹¹¹lffl¹l

115 1150 179 1232 Chr.
200 1151 270 1220 224.,
287 1103 387 1207 liniris
405 1153 433 1206 in
450 1125 613 1233 Hispariiam
633 1154 794 1233 arcessitum
813 1170 871 1208 esse
888 1105 1203 1274 tradidissbpnlfffiuae

95 1220 226 1292 .qu1dcm
249 1222 418 1276 narrationes
441 1221 540 1276 ambae
556 1227 735 1276 rnvenruntur
758 1223 836 1292 apud
854 1221 915 1276 Liv.
941 1223 1026 1290 XXI,
1053 1225 1075 1276 1.
1094 1239 1127 1275 co
1151 1261 1158 1275 .
1178 1237 1202 1272 c.

114 1293 156 1344 til.
175 1288 270 1356 XXX,
292 1291 334 1344 37.
353 1292 394 1346 38.
413 1288 534 1359 XXXV,
556 1293 588 1345 19
609 1295 644 1345 .et
661 1291 742 1358 XXI,
762 1292 786 1344 3.
805 1293 881 1345 4.’-
899 1308 946 1346 eas
964 1292 1083 1346 fortasse
1101 1289 1140 1342 sic
1160 1287 1201 1342 in-

114 1364 159 1411 ter
176 1371 205 1410 se
218 1357 393 1413 coniunxisse
403 1365 563 1426 statuamus,
579 1365 611 1412 ut
623 1359 810 1413 Hannibalem
821 1360 858 1414 ab
869 1359 1035 1426 Hamilcare,
1051 1364 1204 1429 antequam

115 1425 140 1478 is
159 1430 320 1495 moreretur,
339 1427 457 1481 alicuine
474 1428 515 1482 rei
532 1444 617 1482 causa
632 1445 728 1482 rursus
745 1428 774 1481 in
793 1428 919 1482 Afin'cam
940 1445 1000 1482 esse
1025 1428 1139 1480 missum
1161 1426 1200 1479 di-

115 1499 202 1558 ceret3
239 1494 349 1552 Livium
367 1503 459 1551 autem
478 1497 529 1550 hoc
543 1497 705 1568 neglexisse.
742 1496 784 1551 cf.
800 1494 894 1565 Peter,
918 1498 936 1550 l.
960 1498 979 1551 l.
997 1514 1043 1567 pg.
1062 1496 1087 1549 9.
1105 1525 1140 1534 -
1158 1494 1201 1546 De

149 1561 236 1616 nitivo
253 1563 382 1618 adiectivi
398 1565 470 1619 alius
493 1571 701 1636 ceterorumque
721 1566 850 1620 similium
874 1566 909 1620 cl.
926 1566 1013 1620 Prisc.
1030 1565 1048 1619 1.
1067 1565 1085 1618 l.
1106 1570 1134 1617 et
1153 1561 1201 1629 vl,

131 1632 196 1700 ,36.
217 1631 257 1700 16,
272 1632 314 1686 82.
336 1633 398 1700 VH,
416 1637 441 1702 5,
458 1634 499 1687 20.
518 1635 553 1687 cf.
573 1635 674 1705 fragm.
692 1635 718 1688 4.
738 1636 780 1688 21.

160 1702 193 1780 4)
217 1700 343 1767 Coelius
363 1702 396 1767 in
417 1705 448 1768 l:
464 1722 568 1788 neque
581 1703 642 1788 ipsi
663 1721 717 1770 eos
730 1703 782 1768 alii
797 1702 884 1768 modi
897 1721 967 1768 esse
989 1708 1084 1788 atque
1098 1698 1197 1765 Amil-

74 1805 132 1852 car
154 1784 234 1851 dixit
257 1788 424 1854 ostendere
443 1795 578 1872 possunt
600 1788 697 1854 aliter.
722 1789 819 1856 Prisc.
840 1791 861 1854 l.
879 1788 899 1854 l.
1063 1789 1066 1796 '

162 1871 195 1951 5)
225 1871 352 1938 Coelius
380 1874 412 1939 in
445 1873 606 1940 annalium
635 1873 715 1939 libro
731 1875 768 1941 I:
794 1873 893 1958 legati
921 1894 984 1958 quo
1014 1872 1203 1941 missisunt

74 1956 215 2108 venpnlpt,
231 1957 389 2128 l‹llpdicant
408 1957 569 2024 mandata.
613 1960 694 2023 Non.
717 1959 759 2027 II.
780 1981 834 2043 pg.
857 1961 921 2023 230
933 1961 1028 2025 Mero.
1044 1959 1104 2039 (ed.
1121 1957 1201 2022 Ger-

74 2048 163 2110 lac-
197 2049 230 2107 ot
270 2098 275 2108 .

144 2127 231 2182 Oodd.
250 2127 428 2196 „Caecilius.“
446 2127 531 2183 Haud
547 2145 610 2182 raro
631 2146 664 2183 ea
682 2126 793 2182 nomina
809 2143 826 2180 a
843 2127 962 2180 librariis
979 2129 1103 2178 intense
1127 2141 1209 2193 com-7

110 2202 218 2250 mutata
236 2203 308 2266 sunt,
325 2197 373 2250 sed
393 2214 455 2250 cnm
474 2197 613 2252 Caecilius
628 2198 734 2254 Statius
751 2227 783 2234 -
801 2212 836 2250 ne
855 2195 1007 2250 Caecilium
1025 2194 1198 2248 Calactinurn

109 2266 245 2320 rhetorem
256 2265 394 2320 Graecum
413 2283 622 2323 commemorem
639 2298 681 2337 -,
695 2264 805 2321 etiamsi
821 2264 851 2317 in
869 2263 948 2333 libris
965 2264 1075 2335 legetur
1092 2261 1199 2332 „Glale-

109 2334 189 2403 lius“,
208 2336 365 2390 comoediae
384 2334 467 2391 titulo
485 2338 528 2390 vel
548 2355 627 2391 versu
648 2335 777 2407 apposito
792 2334 888 2387 statim
906 2339 1085 2405 agnoscamur,
1102 2339 1198 2385 contra

110 2404 164 2457 hoc
181 2404 243 2457 loco
260 2410 288 2458 et
306 2404 368 2459 aliis
391 2404 534 2473 similibus,
553 2404 601 2459 ubi
620 2406 647 2458 in
661 2406 740 2459 codd.
751 2403 883 2473 scripturn
893 2402 1051 2483 inveniatur
1067 2400 1199 2522 ,7ξὲᾋωί-

109 2471 165 2526 lius
182 2473 376 2527 historiarum“
410 2474 454 2527 vel
473 2473 520 2542 „C.
539 2474 680 2528 annalium
698 2473 771 2528 libro
788 2512 795 2524 .
815 2514 820 2524 .
841 2474 865 2530 ,“
883 2472 928 2525 vel
950 2472 1038 2525 srmrle
1055 2488 1104 2540 qur
1161 2488 1195 2537 m,

110 2540 258 2597 manifesto
289 2558 395 2612 semper
420 2544 455 2595 de
480 2542 514 2597 L.
544 2543 638 2599 Coelio
661 2542 813 2612 Antipatro
840 2540 1019 2610 cogitandum
1051 2546 1107 2604 est,
1148 2554 1197 2591 nec

110 2610 221 2665 omnino
251 2608 384 2681 uidquam
396 2628 429 2665 ea
440 2628 483 2665 res
494 2610 668 2666 difficultatis
685 2611 778 2665 habet
785 2640 817 2648 —
825 2610 894 2665 Jure
913 2615 1013 2672 autent
1030 2615 1062 2661 ut
1078 2606 1146 2661 mihi
1157 2606 1197 2660 ri-

109 2680 197 2747 detur,
245 2686 312 2735 auta
327 2681 397 2734 haec
414 2679 500 2734 verba
516 2679 660 2735 referenda
677 2697 737 2734 esse
752 2678 862 2750 putavit
886 2679 922 2732 ed
945 2678 1052 2746 legatos
1070 2675 1133 2755 illos
1156 2675 1193 2752 ad

108 2748 295 2803 Hannibalem
313 2749 517 2819 exposcendum
535 2756 592 2816 aut,
611 2749 635 2803 si
651 2750 704 2802 hoe
722 2766 778 2804 non
794 2748 831 2801 im
867 2752 986 2813 trarent,
1004 2744 1107 2799 bellum
1125 2743 1193 2797 mdi-

109 2816 225 2869 cendum
246 2816 413 2879 aRomanis
430 2817 612 2887 Kartaginem
629 2817 735 2878 missos,
753 2817 816 2872 coll.
859 2814 915 2883 inii,
932 2814 1020 2881 XXI,
1040 2814 1081 2880 18,
1105 2811 1196 2866 verbis

110 2882 259 2937 admodum
285 2884 428 2939 similibus.
446 2885 492 2938 Ad
500 2903 583 2955 quam
594 2886 771 2957 legationem,
788 2885 812 2942 si
820 2900 912 2938 rerum
928 2900 1029 2937 nerum
1045 2888 1131 2952 atque
1146 2881 1196 2935 im·

129 2950 286 3007 licationem
304 2959 332 3005 et
343 2953 481 3007 orationes
492 2970 509 3005 a
519 2954 657 3008 veteribus
671 2954 860 3024 scriptoribus,
876 2958 907 3007 et
922 2951 1038 3005 maxime
1058 2950 1196 3020 quideme

108 2970 191 3074 lrivio
208 3020 324 3074 traditas
343 3020 557 3088 consideremus,
588 3022 670 3075 etiam
687 3022 787 3093 fragm.
805 3023 830 3077 6,
847 3026 876 3076 et
896 3022 919 3075 7.
942 3020 1077 3090 pertinere
1097 3016 1197 3087 proba·

108 3088 165 3143 bile
183 3095 233 3157 est,
254 3118 286 3129 -
305 3088 424 3143 fortasse
443 3088 526 3143 ctiam
544 3106 628 3143 unum
649 3091 801 3145 alterumve
818 3107 851 3143 ex
868 3090 917 3157 eis,
933 3104 1005 3159 quae
1024 3095 1084 3141 tum
1101 3085 1196 3141 rtatim

108 3158 197 3228 posui,
215 3157 371 3211 orationum
390 3156 561 3228 fragmentis.
580 3188 613 3197 -
632 3158 768 3211 Dedicare
787 3159 910 3280 proprie,
934 3163 1004 3210 teste
1030 3152 1196 3235 Rani-Fest.

106 3245 153 3298 pg.
173 3228 206 3279 70
223 3226 313 3295 Miill,
335 3232 377 3281 est
395 3226 512 3280 dicendo
531 3226 647 3281 deferre.
681 3226 764 3282 Unde
809 3244 891 3298 uper
913 3233 1011 3296 postea
1028 3220 1194 3295 srgmficatre

108 3303 169 3349 crta
185 3302 238 3349 est:
257 3295 344 3349 altera
354 3324 387 3334 —
402 3312 473 3367 qnae
485 3295 608 3365 proxime
625 3296 661 3350 ad
674 3296 751 3350 illam
768 3296 883 3349 accedat
900 3303 928 3348 et
948 3312 965 3347 a
985 3292 1023 3346 ud
1040 3291 1124 3363 prisci
1141 3306 1194 3344 ser·

108 3364 196 3417 monis
214 3370 349 3431 auctores,
367 3364 482 3417 Accium
496 3363 542 3433 (cf.
557 3364 628 3419 Non.
643 3363 662 3418 l.
681 3364 811 3434 l.),anr.
829 3365 852 3432 I,
869 3362 956 3417 3671
987 3362 1064 3430 ,2οἀ
1076 3365 1105 3415 et
1117 3360 1194 3429 Apu·

108 3430 192 3485 leium
207 3432 369 3501 inveniatur,
387 3448 470 3504 quam
490 3432 601 3501 quidem
621 3433 752 3486 hocloco
770 3432 912 3500 habemus,
929 3463 964 3470 —
981 3428 1113 3499 „dicendi
1130 3444 1194 3497 ape·

108 3499 208 3568 riendi,
231 3501 412 3570 explanandi“
438 3501 541 3569 altere,
571 3515 642 3571 quae
659 3507 756 3571 postea
776 3501 836 3554 sola
858 3502 887 3554 in
915 3518 968 3553 usu
986 3499 1048 3568 fuit,
1066 3512 1194 3567 „munera

109 3568 153 3622 dis
170 3570 372 3623 consecrandi.“
406 3542 534 3623 lictorum
553 3584 683 3638 cumpro
701 3570 754 3623 hoc
771 3569 863 3637 verbo,
881 3569 1007 3622 dlittera
1030 3568 1059 3620 in
1078 3567 1089 3620 l
1105 3571 1193 3638 muta-

108 3642 147 3706 ta,
171 3637 323 3706 „delicere“
348 3642 454 3693 veteres
471 3636 595 3709 posuisse
615 3637 739 3708 legerent
756 3638 831 3709 apud
848 3638 921 3691 Fest.
941 3655 987 3708 pg.
1010 3636 1052 3693 70.
1071 3632 1112 3688 73.
1130 3631 1194 3687 coll.

108 3706 180 3761 Non.
200 3706 238 3773 H,
257 3722 303 3777 pg.
321 3706 362 3759 98.
382 3706 431 3774 IV,
458 3724 504 3777 pg.
527 3706 586 3774 277,
611 3708 695 3760 etism
720 3707 851 3761 hocloco
871 3706 988 3761 editores
1005 3699 1131 3757 nonnulli
1154 3702 1194 3755 sic

109 3773 283 3829 scribendum
302 3791 360 3829 esse
374 3780 522 3845 putarunt3
545 3790 601 3845 qua
618 3776 772 3830 mutatione
787 3780 837 3828 neo
848 3791 918 3847 opus
932 3792 990 3829 esse
1000 3790 1050 3826 nec
1061 3772 1120 3825 ulla
1132 3786 1193 3825 eam

109 3844 273 3898 auctoritate
291 3844 343 3897 niti
357 3842 440 3897 facile
454 3843 570 3915 quisque
588 3844 729 3914 perspicit.
843 3847 846 3856 '
1018 3850 1021 3855 '

159 3914 191 3993 6)
214 3912 340 3979 Coelius
365 3913 472 3977 annali
492 3912 542 3976 lib.
564 3912 596 3976 I:
626 3932 698 3976 eum
728 3915 796 3978 iure
822 3913 891 3977 sine
912 3909 1052 3995 periculo
1075 3909 1191 3973 bellum

74 3994 146 4081 geri
167 4004 338 4079 poteratur.
360 3998 444 4065 Non.
464 3995 505 4063 X.
524 4017 578 4079 pg.
600 3996 673 4065 508.
785 4054 788 4058 ,

144 4078 269 4137 Verbum
286 4100 367 4155 posse
385 4102 447 4139 cum
471 4080 608 4136 infinitivo
625 4080 729 4152 passivi
747 4082 937 4150 coniunctum,
962 4078 1192 4152 quemadmodum

113 4148 237 4221 coepisse
256 4152 370 4207 verbum
390 4150 474 4206 etiam
489 4155 586 4221 postea
603 4167 709 4221 semper
726 4149 852 4204 adhiberi
871 4148 975 4220 potuit,
1000 4164 1018 4200 a
1032 4146 1117 4217 prisci
1139 4162 1192 4199 ser·

985 4235 999 4273 a
