2867 4650
664 229 705 324 aa

617 424 686 484 Lib.
705 425 760 484 vl.

211 493 264 573 24)
287 492 413 558 Coelius
436 491 545 556 annali
565 492 643 560 libro
661 495 720 558 VI:
742 493 885 559 oonsulto
905 515 970 559 non
991 497 1121 578 pauoies
1141 514 1245 564 amos·

126 579 230 646 situm.
273 581 356 644 Non.
379 578 418 660 ll,
440 597 493 660 pg.
519 579 588 644 157.

194 664 312 719 Pauoies
322 661 483 717 adverbium
500 670 605 716 veteres
619 665 723 730 eadem,
733 681 789 784 ina
800 680 863 717 raro
885 663 1243 736 signifieationedixe1·unt;

161 738 270 804 praeter
287 734 361 786 huno
378 737 472 784 autem
489 737 517 784 et
534 733 603 785 duos
614 732 732 785 Titinnii
754 748 851 786 oeosa
889 733 953 786 onio
975 769 991 774 ω
1009 741 1037 788 et
1046 735 1118 790 Fest.
1132 753 1177 808 pg.
1183 736 1243 793 ⁶230.

163 803 318 856 -allatos
341 800 397 854 alia
420 801 544 870 exempla
568 817 624 854 non
648 807 766 854 exstant.
806 800 939 855 Similiter
958 803 1061 873 pluries
1079 805 1148 858 dixit
1166 804 1245 859 Caes.

162 871 227 925 bell.
246 871 295 924 civ.
314 870 341 938 I,
366 870 408 923 79.
433 869 598 939 compluries
617 871 686 924 Cato
706 887 750 940 ap.
769 870 840 924 Geli.
860 869 901 939 V,
919 873 960 925 21.
995 871 1067 928 Non
1086 892 1132 944 pg.
1151 873 1193 927 87.
1218 879 1246 927 et

164 941 223 1010 ipse
241 940 314 994 Geli.
334 937 400 1005 VII,
416 937 439 990 3.

214 1010 266 1089 25)
299 1006 425 1072 Coelius
448 1007 558 1072 annali
581 1005 660 1071 libro
684 1007 741 1072 Vl:
776 1025 885 1071 omnes
911 1007 1005 1073 simul
1030 1015 1148 1075 terram
1173 1025 1246 1074 oum

128 1093 223 1162 classi
245 1094 414 1172 accedunt,
450 1091 586 1158 navibus
609 1097 704 1176 atque
727 1091 855 1176 scaphis
882 1093 1100 1180 egrediuntur,
1139 1102 1245 1161 eastra

128 1179 240 1248 metati
261 1180 356 1264 signa
377 1183 528 1244 statuunt.
570 1179 652 1244 Non.
674 1179 714 1263 Π,
738 1199 791 1261 pg.
813 1178 885 1242 137.

201 1264 485 1319 Animadvertendum
502 1270 544 1318 est
560 1263 695 1331 vividum,
714 1268 746 1316 ut
762 1264 802 1316 ita
820 1263 920 1331 dicam,
938 1271 1024 1334 atque
1042 1264 1134 1318 aluere
1151 1281 1244 1318 nura·

164 1334 249 1387 tionis
263 1351 359 1404 genus,
377 1334 452 1402 quod
468 1332 621 1402 praesentia
639 1331 758 1386 maxime
774 1332 904 1401 temporis
921 1349 974 1385 usu
991 1334 1097 1386 exstitit
1113 1334 1150 1454 g
1163 1333 1247 1388 etiam

169 1402 203 1456 fr.
212 1403 251 1456 13.
259 1403 357 1468 1728).
371 1430 403 1482 .-
414 1401 564 1482 Manifesto
576 1407 670 1483 autem
679 1402 749 1454 haee
757 1400 844 1454 verba
853 1401 992 1480 pertinent
1000 1403 1038 1454 ad
1046 1418 1109 1481 eum
1138 1400 1202 1481 oelii
1211 1401 1251 1454 lo·

167 1469 1247 1610 11117101111111111701170111011111.011.

166 1613 226 1662 toto
244 1607 292 1661 illo
313 1608 385 1675 loeo,
415 1608 540 1679 quamvis
559 1606 646 1661 Ooelii
664 1605 829 1662 sententiam
847 1606 1014 1660 reiciendam
1032 1612 1155 1677 putaret,
1184 1623 1247 1660 eum

185 1678 313 1746 raeoipue
330 1683 440 1730 secutus
460 1693 519 1730 esse
535 1677 663 1745 videtum
697 1693 731 1730 ao
747 1675 866 1730 fortasse
883 1675 928 1728 vel
946 1675 1046 1728 iniuria
1066 1691 1128 1729 eum
1143 1675 1246 1728 reiecit.

195 1763 237 1799 am
261 1747 285 1798 si
302 1745 390 1815 ipsius
412 1745 486 1798 Livii
509 1745 543 1799 de
568 1745 618 1798 illa
636 1745 816 1816 navigatione
837 1745 1023 1798 narrationem
1045 1743 1156 1816 legeris,
1186 1745 1247 1798 fera

168 1815 264 1869 eadem
276 1831 347 1885 quae
356 1812 467 1868 Coelius
480 1814 635 1868 tradiderat
650 1814 783 1883 invenies,
800 1820 897 1880 oerte„
917 1816 1074 1883 respersam‘
1092 1811 1247 1867 eamfuisse

164 1883 275 1938 minime
293 1883 376 1935 dices.
409 1883 509 1952 Itaque
527 1889 559 1936 ut
577 1883 635 1949 hio,
653 1883 789 1950 Silenum,
810 1888 842 1936 ut
859 1882 887 1935 vi
907 1887 976 1950 etur,
993 1887 1112 1950 secutus,
1128 1880 1246 1935 fortasse

164 1951 259 2022 aliquo
276 1951 358 2004 modo
376 1966 433 2004 rem
451 1950 537 2018 auxit,
557 1950 653 2005 Livius
667 1951 815 2005 alterarum
829 1950 950 2021 partium
963 1949 1143 2021 scriptoribus
1159 1949 1248 2006 fromn

164 2037 226 2074 eam
245 2018 391 2073 imminuit.
422 2019 496 2082 Quin
514 2020 598 2072 etiam
615 2027 647 2072 ut
665 2020 754 2090 magis
774 2020 834 2072 iure
858 2019 938 2073 illum
957 2019 1078 2074 refutare
1098 2019 1245 2087 videretur,

164 2089 224 2142 eius
241 2087 327 2143 verba
344 2088 373 2140 in
388 2088 476 2158 peius,
495 2094 527 2142 ut
543 2089 598 2142 hoe
613 2088 697 2142 verbo
715 2094 787 2157 utar,
804 2087 941 2142 intellexit
959 2094 989 2142 et
1005 2102 1077 2158 quae
1089 2088 1200 2157 proprie
1216 2087 1246 2142 in

165 2158 204 2212 eis
223 2174 279 2210 non
298 2156 419 2210 inessent
435 2157 589 2227 supposuit,
604 2156 709 2212 seilicet
726 2174 789 2212 eum
802 2156 906 2212 diceret
921 2156 1044 2224 „iniussu
1057 2156 1247 2224 imperatorio

164 2225 274 2296 scaphis
294 2226 388 2295 „haud
405 2242 483 2279 seeus
505 2243 588 2297 quam
605 2225 688 2282 nausr
727 2227 774 2279 os“
795 2225 896 2280 milites
918 2225 994 2294 „sine
1017 2224 1101 2279 armis
1124 2242 1188 2280 eum
1207 2226 1248 2280 in·

164 2294 243 2366 genti
258 2295 396 2350 tumultu“
415 2294 541 2351 evasisse.
568 2294 682 2367 Polybii
722 2312 737 2351 e
754 2296 806 2351 hao
823 2311 853 2349 re
869 2295 992 2351 narratio
1007 2310 1064 2349 non
1079 2293 1135 2349 iam
1145 2299 1250 2363 exstat,

164 2364 311 2487 Appianas
334 2369 361 2418 et
380 2364 502 2441 Zonaras
522 2365 619 2435 paucis
642 2370 751 2419 tantum
775 2364 867 2419 verbis
888 2364 1022 2435 equibus
1041 2363 1111 2419 nihil
1128 2363 1249 2437 amplius

166 2450 199 2487 oo
222 2432 262 2503 igi
279 2432 374 2502 possit,
391 2450 451 2487 eam
471 2432 632 2505 attigerunt,

213 2604 266 2684 26)
290 2602 416 2669 Coelius
433 2532 675 2687 AntipaterLliiJ
688 2532 767 2669 iii:
788 2602 919 2685 respub:
939 2600 1059 2667 amissa
1073 2601 1248 2669 exfundato

130 2688 342 2773 pulcherrimo
364 2709 405 2774 op
428 2688 491 2753 ido.
535 2690 619 2757 Non.
643 2689 686 2755 Π.
706 2709 760 2773 pg.
782 2690 852 2755 108.
1122 2686 1142 2725 ‘

219 2791 262 2829 res
279 2774 376 2845 pub.:“
406 2710 485 2829 ieie.
514 2775 580 2828 reli·
623 2792 667 2830 res
689 2775 798 2845 pubus“
829 2771 1019 2843 Guelferbyt·
1055 2771 1249 2845 intellegamus

166 2814 274 2921 opiirtet
291 2859 350 2909 „res
370 2816 496 2897 ubliea‘t’
508 2816 581 2898 Item
596 2815 646 2913 p’ro
666 2841 808 2913 „amissa“,
826 2842 901 2913 quod
914 2841 973 2921 iure
989 2812 1047 2895 siire
1062 2839 1148 2896 dubio
1231 2830 1248 2894 o

167 2910 277 2980 legitur,
295 2861 374 2963 codd.
391 2912 527 2981 praebent
544 2913 686 2979 „amisso“.
711 2945 739 2952 -
763 2910 944 2967 Exfundand1
965 2910 1096 2977 verbum,
1118 2840 1249 2980 quoivdddl·

167 2978 253 3058 uitur,
268 2984 340 3031 teste
357 2979 458 3046 Nonio,
475 2996 577 3059 pro·„a
594 2980 682 3035 fundo
697 2982 845 3063 evertere‘,
862 2984 972 3059 praeter
990 2978 1064 3035 huno
1082 2978 1174 3032 loeum
1193 2994 1250 3032 non

166 3046 269 3118 legitur
282 3051 311 3099 et
322 3045 448 3114 fortasse,
466 3064 501 3101 ne
510 3048 601 3102 dream
618 3050 808 3119 probabshter,
825 3068 843 3104 a
852 3046 947 3101 eoeho
960 3048 1070 3101 demum
1088 3046 1184 3101 fiotum
1199 3052 1249 3101 est.

217 3116 272 3197 27)
294 3113 421 3182 Coelius
445 3117 553 3183 annali
573 3118 625 3185 lib.
649 3120 726 3184 VII:
756 3120 835 3186 duos
858 3122 889 3183 et
909 3115 1113 3201 septuaginta
1132 3115 1250 3183 liotoris

131 3201 496 3289 domumldeportavisse
516 3204 620 3289 fassis,
643 3204 698 3287 qui
711 3204 894 3272 ductoribus
913 3200 1051 3267 hostium
1073 3205 1149 3269 ante
1163 3200 1248 3267 solu-

131 3288 213 3354 erint
231 3287 315 3355 ferri.
352 3288 435 3355 Non.
457 3288 498 3373 X,
521 3310 574 3387 pg.
597 3292 669 3357 508.

205 3373 238 3427 ln
256 3374 309 3427 hoo
327 3390 440 3445 quoque
452 3375 558 3429 solendr
572 3376 656 3430 verbo
674 3380 780 3429 veteres
796 3375 919 3429 nondum
936 3371 1092 3427 adsertam
1110 3372 1250 3444 quandam

165 3456 289 3497 normam
306 3450 492 3511 pervenerunt
509 3449 536 3498 et
549 3444 704 3514 promiscue
722 3441 840 3498 activam
860 3449 890 3497 et
907 3440 1025 3497 mediam
1039 3441 1157 3499 formam
1172 3459 1249 3499 usur⁴

167 3516 282 3579 parunt3
298 3510 394 3582 itaque
411 3512 508 3567 eadem
525 3530 582 3585 qua
601 3512 713 3569 Coelius
729 3511 837 3568 ratione
852 3512 911 3567 eius
927 3510 1006 3565 verbi
1022 3510 1176 3581 perfeetum
1196 3510 1246 3568 fin·

168 3584 268 3633 xerunt
276 3577 346 3633 Cato
364 3586 392 3634 et
408 3580 515 3635 Ennius
532 3586 603 3637 teste
614 3582 693 3638 Varr.
713 3582 748 3635 de
764 3581 810 3636 ll
826 3582 878 3649 IX,
896 3581 946 3635 107
967 3579 1022 3647 (ed.
1037 3580 1067 3634 0.
1079 3581 1110 3636 0.
1126 3579 1248 3647 Miiller),

168 3648 280 3703 Sallust
299 3664 344 3719 ap.
362 3648 448 3703 Prisc.
468 3650 527 3719 lX,
549 3652 595 3719 10,
615 3651 657 3705 54.
677 3656 705 3705 et
723 3650 812 3705 Varro
831 3651 905 3720 ipse,
931 3648 949 3702 l.
968 3648 1000 3716 l.,
1023 3647 1250 3705 honorationem

166 3716 248 3773 alteri
262 3717 358 3787 utique
372 3717 582 3787 praeferendam
595 3736 653 3775 esse
671 3719 786 3775 sensuit
803 3749 837 3759 -
853 3719 888 3773 ln
905 3715 997 3772 verbis
1015 3724 1096 3786 „ante
1115 3717 1248 3773 soluerint

167 3786 250 3840 ferri‘
274 3785 393 3840 fortasse
429 3787 472 3841 uis
490 3806 553 3843 eum
571 3788 693 3844 Groenio
710 3786 810 3843 tmesin
829 3785 970 3858 quandam
992 3785 1167 3841 statuendam
1190 3800 1249 3839 esse

186 3854 280 3924 utarit,
298 3860 331 3909 ut
346 3804 539 3928 intellegamus
557 3858 707 3926 „soluerint
725 3856 875 3913 anteferri“
919 3854 976 3909 uod
993 3855 1106 3924 quidem
1125 3852 1249 3934 verbum,

165 3873 232 4004 iicet
248 3924 408 4006 solemniter
424 3924 512 3981 fasces
527 3926 663 4008 praeferri
681 3926 845 4006 diserentiu,
864 3874 1009 3994 de‘iegum
1019 3924 1139 4005 latarum
1151 3921 1249 3989 titulis,

144 4010 149 4020 ·
168 3999 302 4047 victarum
317 4000 444 4065 gentium
461 3996 626 4065 nominibus,
644 3996 699 4051 ima
730 3995 813 4049 nibus
830 3999 994 4065 usurpatum
1012 4010 1071 4047 esse
1087 3992 1211 4046 videmus
1228 4007 1250 4069 ,⁸

167 4058 233 4115 Tac.
251 4078 314 4117 ann.
332 4064 355 4133 1,
373 4066 396 4118 8.
418 4064 470 4131 Ill,
484 4065 525 4117 70.
560 4064 615 4119 Sed
633 4065 704 4133 simp
717 4064 787 4119 isius
823 4069 889 4117 ante
904 4078 955 4132 pro
967 4061 1101 4116 adverbio
1117 4067 1251 4135 temporis

169 4128 288 4184 habetur
304 4138 333 4185 et
350 4133 466 4188 verbum
485 4133 600 4203 simplex
618 4139 734 4203 putatur
750 4138 915 4203 usurpatum
937 4146 998 4185 esse
1017 4146 1070 4200 pro
1091 4130 1253 4200 componit>
