2867 4650
727 251 771 328 ‘24

224 461 256 472 -
270 429 346 514 Bene
364 431 458 488 Nauta
475 434 575 504 pg.46.
593 434 646 512 boc
658 431 765 512 fragm:
783 431 928 511 coniunxit
947 449 1010 484 curn
1027 431 1067 485 eis
1085 447 1157 502 quae
1174 430 1320 502 leguntur

222 517 266 582 ap.
277 500 442 582 quXXX,
455 502 497 569 28,
510 504 532 556 7.
553 519 601 572 qur
617 502 728 572 qu1dsm
741 517 800 553 sme
819 500 905 554 dubio
925 500 1092 579 sententiam
1110 515 1189 581 suam
1207 515 1225 551 a
1236 497 1316 552 Coe

222 569 838 718 tttttttltta{attulisti}
858 570 1152 706 atttmattttttt'
1164 567 1318 690 illisi}

225 713 342 762 anteaa
366 723 395 760 se
417 707 525 762 fortiter
549 707 634 778 gestis
654 705 800 787 gloriantis
822 711 915 828 potius
937 714 1048 826 sumpta
1071 723 1129 760 esse
1151 705 1316 758 videantur.

222 773 293 830 Mire
319 782 412 829 autem
436 775 529 830 Groen
554 795 579 830 v.
600 777 646 830 Pr.
678 794 707 828 m
730 792 797 829 voce
837 775 954 829 ictorum
977 793 993 828 ο
1017 776 1095 828 ondit
1115 790 1231 843 eamque
1255 790 1316 842 pro

205 844 390 916 ‘glossemate
409 843 512 900 habere
530 845 641 911 maluit,
659 861 723 898 narn
743 861 808 896 sane
824 849 873 896 aut
889 843 978 898 simile
995 845 1128 923 quiddam
1149 843 1225 911 apud
1234 843 1315 894 Kar-

223 913 392 984 taginienses
409 931 508 968 munus
528 915 687 968 institutum
706 929 764 965 esse
783 913 887 982 potuit,
913 919 975 979 aut,
1006 913 1035 965 rd
1054 913 1129 982 quod
1147 909 1314 979 saepissime

223 999 240 1036 a
258 981 312 1036 scri
331 981 439 1035 toribus
457 988 485 1036 et
497 981 611 1038 Graecis
629 989 657 1036 et
667 982 800 1036 Romanis
818 981 925 1034 factum
943 986 993 1049 est,
1012 980 1124 1034 Coelius
1142 997 1237 1033 eorum
1255 979 1313 1049 qui
1412 1038 1413 1043 ἵ

199 1051 201 1060 ’
223 1051 298 1122 apud
312 1000 456 1104 liomanos
474 1049 566 1106 fasces
585 1049 795 1121 magistratibus
811 1047 982 1120 praeferrent
999 1067 1099 1102 nomen
1111 1047 1255 1102 transtulit
1268 1049 1314 1100 ad

198 1146 203 1158 ·
225 1119 350 1174 homines
368 1119 417 1191 qui
426 1119 609 1191 Kartaginem
628 1135 674 1173 eos
688 1118 886 1188 deportassent.
913 1151 923 1157 --
944 1119 1037 1171 Tanta
1051 1119 1171 1188 denique
1187 1116 1314 1170 fascium

225 1188 306 1258 copia
326 1189 400 1258 quod
411 1188 440 1240 in
449 1188 605 1242 Poenorum
617 1187 784 1258 potestatem
797 1188 903 1241 venisse
917 1184 1026 1253 dicitur,
1044 1187 1126 1240 facile
1139 1203 1161 1239 e
1198 1185 1313 1250 boatus,
1412 1192 1413 1195 ’

224 1256 247 1310 si
263 1257 369 1324 animo,
394 1263 463 1327 quot
479 1258 618 1324 consules,
641 1257 833 1328 proconsules,
856 1262 998 1326 praetores
1015 1257 1044 1308 in
1061 1257 1112 1308 hoc
1130 1256 1166 1308 be
1187 1271 1204 1308 ο
1221 1254 1313 1308 occisi

225 1325 287 1392 siut,
306 1325 374 1378 satis
391 1327 575 1396 reputaverim
595 1333 622 1380 et
638 1325 786 1380 manifesto
805 1331 950 1396 praeterea
967 1324 1051 1378 etiam
1059 1323 1120 1378 fieri
1137 1329 1256 1393 poterat,
1272 1330 1312 1376 ut

223 1411 279 1448 uno
296 1395 418 1450 alterove
441 1395 537 1448 lictore
556 1401 637 1466 capto
655 1402 705 1448 aut
721 1411 801 1448 caeso
818 1395 907 1448 fasces
924 1394 961 1447 ab
986 1392 1112 1451 hostibus
1134 1398 1313 1462 caperentur.

225 1463 335 1518 Diserte
354 1480 449 1518 eorum
466 1464 569 1518 mentio
592 1482 635 1534 ap.
654 1463 767 1516 fitLiv.
785 1463 878 1530 XXV,
897 1463 938 1515 16.
958 1462 1080 1529 XXVII,
1098 1465 1138 1516 at.

273 1565 326 1646 28)
349 1555 474 1629 Coelius
496 1565 604 1629 annali
625 1564 675 1630 lib.
698 1566 773 1630 VlI:
794 1565 863 1648 ipse
883 1563 968 1646 regis
989 1563 1111 1628 eminus
1130 1582 1211 1644 equo
1233 1563 1312 1626 ferit

188 1650 506 1800 qeomuadvompp;
541 1650 753 1733 congenuolat
773 1669 957 1734 percussae,
992 1650 1105 1714 deiecit
1131 1648 1308 1714 dominum.

219 1755 269 1799 on.
326 1755 410 1818 ,pg.
476 1789 482 1801 .

262 1817 348 1874 Codd.
368 1837 512 1887 „avorsum
520 1823 543 1887 ;“
562 1821 637 1891 quod
651 1821 764 1891 quidem
781 1826 868 1873 totam
887 1820 1053 1874 seutentiam
1067 1835 1179 1890 prorsus
1195 1823 1306 1886 pertur-

223 1889 272 1942 bat
288 1890 333 1942 vel
346 1889 440 1960 potius
456 1889 561 1943 nullam
580 1889 673 1943 efficit.
695 1925 726 1932 -
746 1889 967 1961 Congenuolare‚
985 1905 1035 1959 pro
1053 1905 1109 2009 quo
1128 1887 1244 1942 Sisenna
1262 1887 1303 1938 di-

223 1957 263 2010 xit
280 1959 466 2028 congenulare
484 1964 553 2013 teste
571 1959 641 2014 Non.
662 1959 684 2024 I,
702 1977 749 2029 pg.
769 1959 810 2027 57,
824 1957 878 2010 nisi
897 1974 929 2011 eo
946 1959 1008 2011 loeo
1027 1973 1042 2010 c
1071 1959 1181 2011 itteram
1199 1954 1303 2024 simpli-

222 2027 291 2080 citer
308 2026 440 2081 excidisse
458 2029 636 2081 statuendum
650 2035 699 2094 est,
717 2033 760 2081 est
776 2044 850 2098 genu
867 2026 1001 2096 replicato
1016 2027 1127 2093 eadere,
1148 2030 1176 2079 et
1194 2024 1304 2077 duobus

221 2101 330 2148 tautum
347 2095 391 2150 his
407 2096 474 2150 locis
493 2097 639 2151 invenitur.
653 2128 676 2135 ω
697 2096 846 2149 Manifesta
865 2102 958 2148 autern
971 2095 1024 2148 hoc
1037 2095 1193 2166 fragmento
1210 2093 1304 2162 agitur

199 2179 202 2184 ·
222 2165 256 2218 de
274 2164 402 2235 Syphace
423 2181 495 2236 rege,
514 2182 596 2236 quem
615 2183 632 2218 a
649 2165 783 2218 Romanis
802 2165 984 2234 Numidisque
997 2165 1094 2217 Laelio
1111 2169 1140 2216 et
1155 2161 1300 2216 Masinissa

222 2233 340 2287 ducibus
372 2233 475 2288 vietum
508 2241 675 2304 captumque
714 2234 806 2287 verbis
837 2233 987 2286 admodum
1022 2232 1158 2285 similibus
1189 2230 1297 2282 tradunt

220 2302 280 2357 Ltv.
298 2301 392 2371 XXX,
412 2304 450 2358 12.
469 2303 543 2374 App.
555 2303 632 2371 VIII,
651 2302 691 2355 ⁶26.
711 2303 746 2355 ct.
765 2301 812 2356 Sil.
832 2301 969 2368 ltXVII,
990 2303 1037 2355 134
1055 2319 1114 2372 sqq.
1134 2301 1217 2354 Laur.
1226 2297 1299 2367 Lyd.

220 2372 254 2425 de
269 2388 353 2425 mens.
364 2373 413 2439 IV,
427 2373 467 2425 63.
487 2374 615 2442 Namque
631 2388 666 2425 ne
683 2372 717 2424 de
734 2373 835 2425 Perseo
852 2388 926 2441 rege,
944 2372 989 2430 cui
1000 2371 1043 2423 bis
1060 2372 1148 2424 simile
1167 2368 1298 2440 quiddam

220 2440 351 2493 accidisse
369 2446 488 2493 testatur
504 2441 565 2493 Liv.
584 2440 706 2507 XXVII,
727 2442 768 2493 32.
785 2440 898 2506 XXXI,
917 2440 956 2492 st.
977 2440 1138 2510 cogitemus,
1156 2438 1216 2507 ipsa
1233 2443 1300 2490 tem·

220 2508 296 2580 poris
315 2514 343 2562 et
361 2509 472 2561 omnino
491 2508 615 2565 Coeliani
633 2509 725 2578 operis
742 2510 813 2563 ratio
832 2514 915 2562 vetat.

268 2612 321 2693 29)
353 2609 478 2675 Coelius
501 2609 519 2676 l.
542 2611 618 2677 VII:
654 2610 699 2673 ita
721 2611 767 2673 uti
788 2630 823 2675 se
845 2630 880 2675 se
902 2610 1035 2691 quisque
1057 2609 1147 2673 vobis
1175 2609 1301 2673 studeat

184 2696 339 2760 aemulari
358 2697 391 2760 in
411 2701 497 2761 statu
519 2698 666 2760 tortunae
687 2696 774 2779 reip,
797 2697 910 2761 eadem
937 2716 972 2760 rc
994 2701 1102 2779 gesta,
1118 2702 1232 2777 topper
1252 2694 1296 2756 ni-

186 2781 254 2934 {riq
272 2782 398 2951 utqqqqq
413 2780 541 2864 negotio
564 2788 646 2863 acto,
669 2782 775 2865 gratia
796 2783 898 2847 minor
921 2788 1012 2848 esset.
1044 2782 1130 2845 Fest.
1151 2800 1205 2863 pg.
1227 2780 1298 2844 352.

250 2970 362 3025 Festus:
382 2970 502 3040 Toppm,
519 2968 617 3038 inquit,
635 2968 792 3039 significare
809 2969 850 3023 ait
859 2970 989 3023 Artorius
1004 2968 1068 3036 cito,
1086 2968 1212 3033 fortasse,
1228 2967 1296 3021 eele-

217 3040 298 3107 riter‚
321 3045 441 3106 temere3
473 3038 594 3091 etruria
612 3055 705 3093 earum
723 3038 959 3108 significationum
976 3036 1102 3103 exempla
1126 3053 1140 3089 e
1159 3036 1297 3092 veteribus

217 3108 397 3179 scriptoribus
414 3108 509 3175 affert,
536 3108 589 3159 hoo
605 3107 692 3160 Coelii
709 3108 746 3159 ad
767 3108 961 3164 illustrandam
978 3124 1052 3172 eam,
1076 3122 1132 3175 qua
1153 3106 1226 3159 idem
1244 3104 1297 3157 fuit

220 3178 296 3249 quod
311 3177 436 3247 fortasse.
467 3176 514 3230 Ab
532 3174 637 3230 ultimis
660 3182 688 3229 et
705 3176 761 3229 iam
779 3176 946 3230 oblitteratis
962 3176 1135 3244 temporibus
1152 3175 1205 3227 hoe
1219 3190 1296 3227 voca-

218 3247 315 3302 bulum
332 3247 480 3317 repetitum
500 3260 558 3299 esso
579 3242 647 3297 dicit
669 3243 785 3307 Quintil.
804 3246 824 3311 l,
842 3246 870 3313 6,
888 3246 936 3312 403
965 3260 1016 3297 neo
1033 3249 1098 3313 post
1115 3242 1239 3295 Coelium
1256 3248 1295 3294 at·

218 3332 271 3385 que
293 3314 410 3370 Accium
428 3315 572 3369 etiamtum
590 3312 699 3366 videtur
715 3319 879 3382 usurpatum
897 3330 963 3367 esse.
981 3346 1008 3353 ·—
1026 3310 1153 3382 „Statum
1170 3310 1296 3365 fortunae

216 3384 419 3506 §bilbili
432 3380 940 3505 “stultidistratum?
951 3378 1296 3503 lilrtpilplilmtllll

215 3527 350 3591 tanquam
366 3492 420 3589 per’
436 3519 559 3581 λιτότητα
579 3518 654 3572 diota
676 3493 839 3591 explicavit„
846 3536 897 3591 pro
920 3537 952 3574 eo
975 3520 1050 3589 quod
1072 3468 1219 3588 progprie‘e
1286 3548 1295 3555 -

219 3596 339 3643 stamus:
361 3590 495 3659 „fortasse
512 3587 596 3642 etiam
613 3588 716 3642 maiore
733 3590 848 3660 negotio
865 3592 953 3643 acto“.
971 3591 1031 3641 lam
1048 3587 1092 3641 vel
1110 3591 1150 3640 sic
1167 3593 1242 3640 totus
1269 3602 1295 3639 o-

217 3674 265 3723 cus
275 3674 331 3712 non
340 3659 511 3730 intellegitur
521 3663 549 3711 et
562 3657 748 3727 aliquomodo
756 3659 935 3712 videturesse
947 3663 1101 3726 corruptus.
1117 3655 1225 3719 Quodsi
1235 3654 1295 3725 quis

218 3728 352 3782 mutando
370 3727 445 3782 ellici
461 3742 542 3798 posse
562 3726 713 3794 existimat,
734 3732 766 3780 ut
783 3742 876 3780 veram
895 3726 983 3782 Ooelii
1006 3725 1171 3779 sententiam
1194 3725 1294 3794 perspi-

217 3798 334 3862 ciamus,
365 3814 417 3868 ego
447 3826 479 3836 -·
493 3818 495 3823 ·
508 3796 615 3849 omissis
638 3796 723 3849 variis
745 3796 856 3849 Nastae
878 3802 907 3849 et
930 3794 1046 3849 Groenii
1070 3793 1236 3847 coniecturis
1267 3824 1291 3833 -

214 3866 337 3920 omnium
349 3866 489 3920 lenissima
505 3865 659 3919 mutatione
675 3864 806 3917 instituta
823 3864 999 3918 scribendum
1012 3864 1219 3933 proposuerim:
1239 3860 1294 3928 „ita

215 3934 265 4003 uti,
281 3934 309 3988 si
331 3950 359 3989 se
376 3936 493 4007 quisque
504 3940 533 3989 et
542 3952 569 4004 q.
581 3936 626 4001 s.“,
644 3934 684 3986 ita
700 3939 732 3985 ut
749 3932 868 4002 priorem
877 3932 1030 3988 sententiae
1046 3938 1155 4002 partem
1163 3931 1294 3985 excidisse

216 4009 346 4073 statuam,
362 4010 438 4059 totus
455 4009 548 4057 autom
565 4002 643 4055 locus
661 4008 787 4071 sumptus
804 4001 932 4057 videatur
950 4020 983 4056 ex
1002 4002 1127 4054 oratione
1144 3998 1293 4067 cuiusdam,

217 4074 266 4143 qui
282 4072 423 4143 ingratum
439 4088 506 4142 erga
523 4070 596 4123 viros
614 4070 686 4123 bene
701 4071 736 4122 de
754 4086 783 4123 se
800 4071 913 4125 meritos
924 4072 1045 4126 animum
1054 4068 1159 4142 populo
1170 4069 1293 4121 Romano

204 4140 262 4194 =rsl
277 4140 491 4212 Kartaginiensi
508 4140 553 4193 vol
571 4137 634 4193 aliis
654 4138 844 4208 opprobraret.
929 4165 931 4168 ·
