2867 4650
638 263 682 328 a?

181 437 240 511 041)
285 432 386 500 Oalva
408 427 544 518 κράνιον
567 443 705 517 vocatur,
729 434 802 498 licet
823 432 952 498 Coelius
974 440 1007 496 et
1029 433 1132 496 Varro
1153 431 1217 496 cal-

100 521 225 587 uariam
237 519 359 600 dicaut3
383 537 458 582 nem
477 518 636 582 calvariae
655 521 778 604 plurale
802 528 850 583 est
862 519 982 596 calvae,
1004 536 1087 593 ossa,
1108 523 1140 581 et
1154 517 1218 581 sin-

102 607 257 692 gulariter
280 604 429 670 calvaria.
473 605 540 668 Vel.
562 605 662 688 Long.
686 605 727 670 de
746 605 885 686 orthogr.
906 625 959 687 pg.
982 605 1066 666 2243
1083 602 1218 668 ‚Putsch.

173 691 329 746 Discrimen
348 689 457 742 videtur
474 693 653 744 statuendum
666 708 727 744 esse
742 693 805 756 troc,
824 700 856 742 ut
867 689 910 740 sin
934 688 1049 741 ulariter
1062 687 1235 756 usurparint.

137 755 166 814 e't
181 759 314 824 calvaria,
331 766 364 812 ut
375 759 423 810 Cn,
444 757 551 812 Gellius
573 777 616 828 ap.
637 758 743 815 Oliaris.
753 759 778 824 1,
796 707 934 828 pgrtolI.
961 755 1049 810 Prisc.
1064 756 1127 822 VII,
1138 755 1222 822 8,3‘l.,

137 829 209 886 Plin.
229 827 255 882 h.
274 848 301 880 n.
319 825 457 893 XXVIII,
477 827 501 878 8.
521 827 595 880 Cels.
610 827 694 893 VIII,
715 830 739 880 1.
758 834 787 880 et
805 825 901 892 calva,
918 830 951 878 ut
966 823 1087 878 Martial.
1108 843 1153 893 ep.
1170 823 1222 890 III,

97 893 100 900 ’
138 898 186 964 74,
210 895 321 962 LXII,
344 895 394 959 45,
419 897 450 963 23
478 897 580 964 plurali
603 913 719 950 numero
743 894 936 950 tantummodo
960 894 1066 948 calvae.
1092 923 1121 932 —-
1152 893 1221 946 dure

138 975 230 1020 eutem
256 965 392 1018 Kreusius
422 971 451 1016 et
476 965 600 1018 Crrelium
625 970 654 1016 et
676 963 800 1018 Gellium
826 964 880 1016 hoc
903 963 1041 1015 vocabulo
1069 978 1134 1015 usos
1159 977 1222 1016 esse

137 1034 316 1097 existimavit,
335 1049 396 1086 cum
413 1039 561 1086 narrarent
579 1033 686 1086 cladem
705 1031 739 1086 L.
751 1031 890 1086 Postumii
900 1047 957 1083 cos.
969 1030 1026 1082 des.
1038 1030 1167 1084 -aees
1184 1062 1223 1095 -,

137 1105 216 1172 cuius
235 1096 379 1156 interfecti
399 1100 506 1154 calvam
525 1107 674 1168 purgatam
696 1117 822 1170 astroque
844 1101 982 1152 caelatam
1006 1099 1057 1153 Boi
1086 1107 1134 1150 tan
1156 1115 1220 1152 uam

136 1189 244 1226 sacrum
274 1188 323 1226 vas
348 1169 376 1222 in
404 1169 579 1220 sanctissimo
598 1169 703 1242 templo
721 1170 940 1224 collocaverunt.
972 1167 1007 1218 ct'.
1026 1165 1088 1220 Liv.
1108 1166 1138 1219 X
1169 1166 1220 1231 III,

118 1239 171 1304 .24
187 1239 259 1303 (Pol.
276 1237 327 1305 III,
341 1237 396 1290 118,
416 1238 482 1290 Zeu.
493 1235 543 1302 IX,
557 1238 581 1290 3.
599 1245 627 1290 et
647 1254 732 1306 supra
750 1238 850 1303 fragm.
867 1235 922 1301 II.)

189 1309 243 1386 42)
273 1303 484 1372 Hannibalem
499 1305 624 1372 Coelius
647 1305 761 1387 scribit,
785 1325 857 1370 cum
880 1303 1060 1368 columnam
1079 1324 1218 1387 auream,

105 1411 189 1474 quae
210 1399 293 1457 esset
313 1391 345 1454 in
367 1391 442 1454 fano
463 1391 597 1456 ,lunonis
619 1391 786 1469 Laciniae,
824 1391 948 1452 auterre
973 1391 1069 1453 vellet
1097 1390 1219 1454 dubita-

106 1485 223 1560 reique,
245 1480 412 1558 utrum,'·ea
428 1476 530 1540 solida
547 1486 630 1541 esset
641 1497 680 1540 an
697 1477 892 1540 extrinsecus
907 1475 1063 1550 inaurata,
1081 1482 1218 1558 pertere-

103 1563 261 1628 bravisse:
295 1579 430 1642 cumque
468 1563 602 1626 solidam
639 1563 812 1627 invenisset
846 1559 1070 1640 statuissetque
1099 1560 1220 1640 tollere,

101 1649 131 1714 ei
154 1645 326 1715 secundum
351 1647 489 1728 quietem
511 1649 614 1714 visam
638 1668 708 1712 esse
730 1650 891 1714 lunonem
920 1647 1105 1727 praedicere
1126 1666 1167 1710 ne
1185 1645 1219 1710 id

101 1733 229 1815 faceret,
250 1733 436 1813 minarique,
457 1735 485 1798 si
507 1734 539 1795 id
562 1734 694 1817 lecisset,
719 1739 971 1818 secundumn,
994 1739 1029 1795 ut
1046 1752 1119 1796 eum
1142 1749 1218 1812 quo-

100 1837 162 1900 que
184 1820 326 1900 oculum,
360 1837 422 1898 quo
447 1819 528 1882 bene
549 1820 679 1898 videret,
703 1818 878 1901 amitteret3
912 1817 1008 1897 idque
1026 1818 1068 1882 ab
1090 1818 1217 1882 homine

100 1910 192 1970 acuto
214 1923 279 1970 non
302 1923 372 1967 esse
393 1901 581 1984 neglectum.
623 1901 737 1986 Itaque
759 1924 798 1968 ex
821 1923 858 1967 eo
879 1921 968 1979 aure,
989 1900 1076 1985 quod
1097 1911 1217 1968 extere-

100 1989 224 2056 bratum
247 1996 347 2064 esset,
372 1988 520 2054 buculam
540 2008 670 2054 curasse
691 1989 871 2054 faciendam
892 1995 923 2052 et
943 2008 1016 2055 eam
1037 1990 1070 2052 in
1091 2007 1218 2053 summa

99 2073 479 2156 columnacollocavisse.
526 2073 587 2138 (lic.
605 2075 646 2138 dc
669 2073 730 2138 dir.
753 2075 779 2155 I,
801 2077 852 2148 24,
871 2075 923 2136 48.

170 2161 254 2228 Apud
278 2161 385 2214 nullum
411 2165 558 2228 praeterea
582 2162 746 2228 scriptorem
776 2176 810 2212 ea
836 2157 962 2211 narratio
980 2157 1138 2224 invonitur,
1166 2157 1216 2211 scd

133 2230 206 2283 bede
227 2231 320 2282 Nauia
347 2245 393 2296 pg.
413 2230 455 2282 53.
481 2243 514 2278 ex
533 2245 580 2293 eo,
603 2233 677 2297 quod
703 2227 762 2282 Liv.
788 2226 902 2292 XXIV,
929 2227 953 2279 3.
976 2227 1081 2280 diserte
1103 2243 1217 2280 auream

128 2299 210 2352 *illem
229 2297 386 2352 columnam
408 2300 635 2350 commemoravit
655 2296 829 2368 solidamque
844 2295 932 2349 fuisse
952 2295 1075 2364 addidit,
1095 2293 1217 2351 adhaec

123 2366 223 2421 -Goelii
240 2368 425 2419 narrationem
446 2381 509 2417 sum
524 2367 679 2434 respexisse
692 2364 839 2419 conclusit.
856 2391 885 2402 -
907 2364 940 2416 Iu
953 2367 1113 2417 universum
1123 2371 1216 2417 autem

133 2435 187 2489 hoc
206 2441 235 2488 et
258 2452 329 2503 quae
350 2440 504 2503 sequuntur
522 2432 609 2487 Coelii
636 2434 795 2503 fragmenta
819 2450 837 2485 a
855 2432 990 2486 Cicerone
1013 2440 1124 2486 servata
1143 2433 1218 2486 haud

133 2504 214 2574 parvi
232 2503 364 2557 momenti
381 2510 460 2569 sunt,
489 2502 563 2571 quod
587 2502 660 2557 hunc
682 2503 795 2571 quidem
818 2502 917 2571 paucis
939 2507 1049 2555 tentum
1066 2502 1219 2555 immutatis

133 2588 225 2643 paese
254 2572 378 2644 genuina
404 2569 479 2623 illius
508 2571 591 2625 verba
622 2571 846 2641 transscripsisse
869 2570 993 2639 undique
1023 2576 1157 2639 apparet,
1185 2570 1216 2623 id

133 2636 207 2711 quod
227 2639 255 2693 in
274 2655 316 2705 ea,
336 2656 409 2709 quae
428 2641 503 2708 apud
525 2637 635 2693 Livium
661 2640 805 2707 leguntur,
828 2655 884 2690 non
903 2638 987 2691 cadit.
1023 2638 1108 2705 Apud
1126 2654 1216 2707 gram-

133 2710 250 2761 maticos
267 2709 353 2776 igitur
372 2724 434 2761 cum
453 2724 543 2775 paene
565 2724 674 2777 semper
694 2724 784 2777 pauca
805 2713 914 2760 tantum
925 2706 1014 2760 coelii
1032 2707 1117 2759 verba
1133 2707 1214 2759 nobis

134 2782 247 2829 seruata
269 2776 340 2842 sint,
365 2778 442 2845 apud
465 2773 629 2829 Ciceronem
650 2776 749 2842 etism,
774 2776 822 2846 qui
848 2775 989 2843 longiores
1012 2774 1061 2827 ille
1082 2776 1214 2845 periodos

134 2844 329 2910 composuerit,
345 2844 440 2913 aliquo
459 2844 541 2896 modo
555 2844 713 2913 perspicere
726 2859 883 2913 possumus.

185 2912 242 2991 43)
264 2912 334 2977 Hoc
356 2912 432 2977 item
452 2911 486 2975 in
509 2911 616 2996 Sileni,
639 2932 734 2995 quem
759 2912 888 2979 Ocelim
911 2910 1060 2991 sequitur,
1091 2912 1217 2977 Graeca

99 2995 232 3063 historia
254 3004 302 3061 est
324 3036 366 3045 —
399 2996 426 3062 is
452 3005 558 3081 autem
590 2998 831 3081 diligentissime
853 3014 905 3061 res
932 2997 1119 3062 Hannibalis
1144 3018 1212 3081 per·

99 3089 226 3149 secutus
249 3087 298 3147 est
314 3118 352 3129 —-
363 3130 373 3163 ,
396 3082 622 3166 Hannibalem,
645 3104 715 3149 cum
738 3084 876 3167 cepisset
898 3081 1088 3163 Saguntum,
1110 3084 1215 3149 visum

99 3189 169 3235 esse
189 3168 222 3233 in
242 3166 362 3233 somnis
376 3167 489 3233 adore
512 3167 544 3231 in
564 3169 701 3243 deorum.
717 3168 885 3235 concilium
908 3167 1033 3249 vocari,
1054 3187 1119 3248 quo
1141 3188 1213 3233 cum

99 3254 248 3333 venisset,
270 3254 385 3319 Jovem
395 3251 570 3335 imperasse
587 3255 866 3319 utltaliaebellum
882 3252 1020 3334 inferret,
1036 3253 1213 3334 ducemque

98 3338 128 3403 ei
149 3359 246 3403 unum
268 3358 285 3401 e
305 3337 435 3403 concilio
460 3338 582 3421 datum;
613 3359 675 3421 quo
703 3340 792 3405 illum
815 3344 956 3403 utentem
978 3357 1050 3401 oum
1072 3339 1212 3403 exercitu

101 3424 250 3508 progredi
280 3422 432 3505 coepisse.
466 3426 548 3490 'lum
572 3424 600 3487 ei
623 3426 735 3491 ducem
756 3428 844 3492 illum
866 3422 1067 3506 praecepisse
1089 3444 1136 3487 ne
1165 3444 1213 3489 re·

99 3506 249 3593 spiceret3
274 3506 362 3571 illum
385 3514 490 3572 autem
515 3509 631 3574 diutius
659 3511 766 3575 lacere
786 3530 850 3575 non
872 3508 1012 3591 potuisse
1033 3510 1215 3591 elatumque

98 3592 270 3679 cupiditate
293 3593 478 3675 respexisse.
525 3597 607 3661 Tum
629 3595 733 3659 uisam
754 3594 879 3661 beluam
901 3602 1025 3659 vastam
1049 3600 1080 3659 et
1101 3596 1213 3662 imma-

98 3699 180 3761 nem,
203 3676 471 3764 circumplicatam
492 3680 697 3762 serpentibus,
721 3698 912 3763 quaounque
932 3679 1093 3745 incederet
1106 3681 1216 3745 omnia

98 3766 237 3847 arbusta,
261 3762 413 3845 virgulta,
436 3769 520 3827 tecta
540 3772 736 3850 pervertere,
759 3774 792 3831 et
812 3784 886 3829 eum
905 3765 1096 3831 admiratum
1115 3785 1213 3847 quae·

98 3850 177 3915 sisse
198 3849 239 3914 de
261 3848 321 3913 deo
345 3848 504 3931 quodnam
537 3850 613 3915 illud
639 3862 724 3929 esset
752 3853 818 3917 tale
838 3855 1031 3935 monstrum,
1062 3859 1095 3917 et
1116 3852 1212 3920 deum

98 3934 316 4019 respondisse:
353 3932 534 3999 vastitatem
557 3954 628 3999 esse
650 3938 781 4019 ltaliae,
802 3936 1065 4021 praecepisseque
1086 3945 1121 4002 ut
1139 3956 1210 4022 per-

99 4030 190 4105 geret
210 4018 369 4104 protinns,
390 4018 478 4100 xquod
499 4029 582 4089 retro
605 4030 701 4103 atque
724 4044 745 4088 a
766 4031 858 4106 tergo
880 4019 971 4087 fieret
991 4040 1032 4085 ne
1043 4023 1210 4087 laboraret

99 4105 523 4189 QWQLQQ·
762 4133 851 4149 ··
940 4137 1104 4153 ..„
