2867 4650
649 195 798 338 ,is

251 399 342 480 ¹monis
359 390 540 471 scriptoribus
557 394 648 516 ipsum
666 407 777 466 quoque
794 391 905 512 pppsive
922 395 1172 512 usuppatspplpst¹
1188 390 1237 474 §ie
1260 395 1344 461 pote·

251 463 894 609 ”attritittfnalettttttat
907 461 1032 607 licii
1051 459 1344 608 n‘raii'iiilffiii

271 605 362 662 ionem
379 602 545 658 Africanum
562 599 636 654 Post.
653 601 671 653 1.
689 600 717 668 1.,
735 599 889 652 Pacarium
905 595 1109 666 Claudrumque
1124 597 1345 668 Quadrigarrum

280 687 324 726 on.
346 672 364 726 l.
381 672 399 729 l.
420 671 497 724 Idem
514 669 600 740 paulo
618 675 683 724 ante
699 685 714 722 e
732 666 850 722 Claudio
868 664 954 719 affert
985 669 1127 735 potestur3
1144 666 1276 736 nequitur
1299 667 1343 720 in-

255 741 363 796 veneris
380 757 425 810 ap.
444 738 509 794 Sall.
528 737 595 808 Jug.
613 741 653 792 11.
672 737 713 791 30.
726 765 759 816 .''
775 735 905 790 Ceterum
921 733 990 787 mire
1002 733 1097 789 Groen
1114 751 1140 788 r.
1154 736 1208 803 Pr„
1225 753 1271 806 pg.
1290 735 1346 802 34„

254 808 517 878 ‚Animadvertatur
536 809 633 875 etiam,
655 805 685 860 in
705 811 762 873 rut,
778 805 853 875 quod
870 802 976 858 bellum
992 819 1066 856 cnm
1085 803 1146 857 iure
1162 805 1345 875 geridicitur,

255 892 339 958 quam
356 875 601 957 praepositionem,
620 875 674 930 nisi
685 823 783 941 iauor,
803 872 899 927 Cicero
920 877 949 926 et
964 871 1092 941 plerique
1113 875 1234 942 optimae
1257 879 1345 927 notae

255 963 308 1002 serr
329 951 404 1000 tores
421 946 600 1000 omisissent.“
1322 947 1328 958 ’

218 1102 239 1165 3
273 963 336 1164 Hi)
358 1013 485 1080 coenus
506 1012 539 1077 n
561 1014 593 1080 I:
618 1012 671 1098 qui
694 1031 766 1079 sum
791 1009 818 1075 a
843 1008 890 1073 aa
909 1007 1022 1074 foedus
1050 1008 1155 1074 icens.
1179 1009 1274 1074 raso.
1298 1010 1341 1088 x,

239 1149 250 1183 ’
287 1185 381 1238 Anas
398 1198 455 1237 non
472 1187 547 1238 recte
563 1181 708 1254 legebant:
730 1177 780 1250 qur
801 1177 917 1242 eumin
938 1178 979 1232 aa
996 1179 1096 1235 foenus
1114 1179 1195 1233 tersa.

264 1337 271 1351 ο
306 1252 343 1338 8)
367 1251 493 1318 Coelius
512 1251 545 1317 in
565 1251 598 1316 1:
622 1249 675 1336 qui
698 1249 889 1332 intellegunt
911 1267 995 1333 quae
1014 1248 1347 1328 fiantdissentiuntur.

220 1336 426 1478 Pnscs'icvilulrii
447 1337 551 1476 ibai}
570 1419 691 1476 restituit
714 1417 859 1482 Hertnius,
886 1432 949 1470 cum
971 1424 1055 1473 antea
1079 1419 1164 1490 vulgo
1193 1416 1348 1471 scriberent

254 1491 320 1614 iani
336 1490 459 1570 faciuutf‘
478 1491 523 1590 vuol
541 1490 625 1570 „quid
641 1487 772 1566 faciant?
789 1486 938 1584 {praeterea
955 1487 1000 1541 hic
1038 1503 1130 1568 uoque
1147 1487 1347 1576 poiusxKrchlii

256 1559 357 1680 rit
374 1552 1347 1705 rituiirhaaiirtuareutareu’ratast

255 1695 397 1748 Romanos
414 1695 545 1748 videmus.
563 1694 600 1749 Et
619 1711 648 1746 m
667 1693 730 1746 ahts
747 1692 858 1772 quidem
868 1690 922 1770 hoq
933 1708 1040 1764 semper
1053 1693 1160 1749 factum
1177 1697 1226 1760 est,
1236 1692 1265 1746 in
1283 1693 1349 1746 aliis

257 1762 347 1816 altera
365 1762 474 1816 demum
492 1762 584 1816 forma
602 1777 703 1816 aureae
714 1761 880 1814 Latmarum
898 1757 1054 1839 lptterarum
1070 1763 1171 1816 aetatis
1180 1761 1350 1815 auctoritate

255 1830 436 1913 ccmprobata
458 1830 568 1886 mansit.
611 1829 656 1885 Sic
683 1845 734 1882 nos
751 1842 864 1909 'semper
889 1827 1006 1884 dicimus
1039 1833 1153 1898 sentire,
1182 1829 1348 1911 consentire,

234 2007 237 2012 Ι
256 1901 415 2032 gigffiri’
430 1899 1046 2023 tntiliiuff-mass—enilulgdsiilffiinniiriima
1062 1900 1092 1954 in
1108 1904 1206 1954 senatu
1225 1898 1350 2017 dicebat,

306 2037 340 2116 9)
363 2008 488 2104 Oo’eliirs
508 2036 578 2104 hist.
604 2037 636 2102 I:
661 2009 863 2102 conimodum
887 2012 951 2124 cst.
966 2035 1043 2104 satis
1065 2035 1198 2100 videtur.
1220 2034 1345 2102 Charis.

227 2123 269 2200 11,
287 2141 341 2206 pg.
364 2123 426 2188 193
448 2123 577 2191 Putsch.
598 2123 658 2200 (ed.
678 2121 774 2204 Keil).

293 2207 372 2262 Haec
390 2207 476 2263 verba
494 2207 637 2263 Charisius
659 2206 688 2260 in
710 2205 883 2277 explicandis
906 2207 982 2260 vocis
1004 2205 1072 2260 satis
1093 2203 1346 2276 significationibus

256 2282 390 2347 tanquam
408 2275 564 2347 exemplum
595 2277 630 2330 ad
657 2290 718 2331 eam
736 2275 882 2347 apposnit,
910 2293 994 2346 quam
1017 2274 1061 2329 his
1082 2274 1175 2330 verbis
1197 2271 1347 2328 indicavit:

261 2346 345 2413 „item
362 2346 429 2399 satis
447 2362 498 2415 pro
516 2361 612 2400 aecum
631 2348 696 2399 est‘·
733 2346 779 2401 Sic
795 2344 869 2399 enim
886 2345 997 2400 Keilius
1015 2343 1134 2415 scripsit,
1151 2344 1188 2397 ad
1214 2342 1273 2397 cod,
1290 2341 1347 2394 Bo-

258 2414 354 2483 biens.,
372 2414 401 2466 in
419 2429 475 2484 quo
491 2413 595 2485 legitur
612 2430 679 2484 „pro
692 2430 776 2469 aecus
797 2415 845 2482 δ“,
862 2413 948 2468 verba
957 2414 1085 2495 proxime
1091 2413 1233 2467 accedens.
1251 2409 1348 2465 Etiam

258 2480 1347 2615 tutmiiitfflttttrrtttituiliffiiutiaititttttt

257 2618 294 2671 ab
313 2618 441 2673 omnibus
456 2619 555 2674 horum
575 2620 608 2673 fr.
626 2620 792 2689 editoribus,
816 2568 927 2691 prapcetsr
946 2620 1080 2675 Rothium
1110 2624 1223 2690 recepta
1258 2634 1348 2687 „com
1420 2611 1421 2680 l

259 2686 374 2741 modum
392 2703 452 2741 esse
470 2688 537 2741 satis
555 2688 689 2743 vidctru.“
726 2690 870 2743 Sententia
890 2694 986 2742 nostra
1005 2660 1154 2742 maniicsto
1178 2688 1263 2741 etiam
1282 2702 1347 2739 con·
1420 2685 1421 2756 ff

259 2752 388 2809 firmatur
405 2756 488 2809 Pauli
505 2756 596 2811 verbis
614 2774 631 2811 a
650 2757 775 2812 charisio
793 2758 887 2813 statim
904 2757 1021 2811 additis:
1051 2773 1119 2825 „nec
1136 2756 1209 2810 enim
1226 2772 1276 2826 pro
1290 2756 1348 2808 suf-

261 2822 375 2892 ficienti,
388 2824 480 2905 inquit
496 2826 601 2881 Paulus
620 2866 626 2894 ‚
645 2827 704 2880 acci
725 2826 735 2879 i
752 2826 843 2896 debet,
860 2826 910 2879 sed
926 2842 977 2895 pro
1014 2827 1055 2879 ari
1072 2830 1101 2880 et
1118 2827 1236 2896 aequo&
1260 2840 1348 2895 quan-

259 2907 344 2961 quam
358 2890 435 2973 ahud
457 2910 515 2947 e1us
532 2912 599 2949 usus
615 2844 770 2967 exempinm
787 2912 843 2949 non
859 2894 962 2948 inveni.
1026 2898 1131 2948 ortasse
1153 2910 1240 2947 unum
1276 2892 1347 2965 alte·

258 2976 353 3015 rumve
371 2960 426 3015 furt
443 2962 514 3017 inter
524 2962 614 3017 Verrii
627 2962 722 3019 Flacci
760 2964 896 3019 absurdas
911 2964 947 3018 dc
965 2979 999 3018 eo
1018 2962 1155 3018 vocabulo
1184 2960 1347 3032 opinioneo“

257 3044 327 3098 quas
342 3030 441 3083 acerbe
463 3031 571 3086 notarit
587 3038 616 3087 et
633 3032 727 3088 omisit
743 3004 820 3087 i'est.
839 3050 886 3116 pg.
904 3032 963 3086 351.

293 3098 344 3176 10)
367 3099 496 3167 Coelius
518 3101 625 3167 annali
640 3101 719 3167 libro
738 3103 770 3167 Ιι
805 3121 943 3187 primum
976 3101 1060 3167 malo
1080 3099 1206 3184 publico
1228 3097 1351 3183 gratias

224 3179 407 3267 singulatim
427 3186 564 3253 uomina.
584 3188 665 3253 Non.
688 3188 729 3266 ΙΙ,
750 3208 803 3272 pg.
829 3188 899 3253 176.

295 3269 439 3325 Adverbia
474 3272 503 3323 in
528 3271 564 3325 im
589 3272 767 3327 terminantia
788 3272 864 3343 apud
888 3268 996 3343 priseae
1013 3269 1176 3325 Latinitatis
1200 3268 1350 3338 scriptores

260 3336 409 3417 admodum
426 3355 509 3409 saepe
526 3338 681 3410 multoque,
707 3358 791 3413 quam
814 3340 890 3411 apud
908 3338 1090 3411 posteriores,
1107 3337 1150 3393 fre
1170 3337 1282 3391 uentius
1299 3354 1350 3396 no-

258 3405 303 3484 bis
322 3413 478 3475 occurrunt,
495 3407 535 3462 ita
553 3413 585 3462 ut
602 3409 728 3480 exempla
742 3409 841 3465 afferre
852 3425 909 3463 non
916 3425 986 3479 opus
999 3408 1043 3462 sit.
1054 3406 1127 3461 Geli
1182 3408 1193 3461 l
1213 3406 1251 3460 15.
1263 3405 1350 3461 etiam

259 3470 403 3529 Sisennam
420 3476 538 3531 maxime
557 3476 662 3531 talibus
678 3496 760 3533 usum
776 3496 835 3536 esse
851 3479 953 3533 diserte
970 3476 1093 3531 tradidit.
1122 3506 1148 3515 -
1174 3444 1283 3543 biania,
1299 3491 1350 3545 pg.

259 3542 310 3610 32„
328 3542 413 3597 verba
432 3583 447 3613 ,‚
482 3545 568 3599 atiam
586 3546 629 3599 sin
650 3547 748 3603 ulatim
767 3546 926 3603 nominare“
944 3545 1094 3600 insolenter
1107 3544 1182 3599 dicta
1195 3548 1351 3613 esseputat

259 3620 310 3689 pro
327 3626 360 3665 eo
380 3628 434 3682 quo
468 3619 509 3693 cst
527 3564 660 3685 ‚pinguis
684 3616 848 3671 nominatim
866 3613 973 3686 gratias
998 3616 1104 3685 agere“,
1127 3629 1191 3667 eum
1214 3613 1350 3665 honorem

260 3676 353 3733 drocus
367 3696 385 3733 a
402 3697 446 3735 ma
477 3683 610 3739 stratibus
628 3699 643 3737 a
661 3691 772 3740 senatus
789 3684 957 3739 auctoritate
975 3682 1072 3737 haberi
1088 3681 1201 3736 solitum
1217 3680 1257 3734 eis
1295 3680 1348 3749 qui

260 3748 394 3816 pecuniae
413 3765 445 3803 co
468 3750 568 3821 atione,
586 3751 744 3808 voluntaria
759 3752 874 3821 militia,
901 3750 990 3805 aliove
1012 3766 1125 3805 munere
1146 3719 1350 3819 rempublicam

261 3814 457 3895 sublevassent.
497 3820 579 3885 Quod
596 3822 722 3891 quamvis
746 3840 840 3877 verum
864 3820 913 3888 sit,
944 3836 996 3891 ego
1020 3825 1114 3874 tamen
1139 3817 1267 3888 epaueis
1291 3816 1352 3869 illis

261 3882 360 3953 verbis,
379 3903 451 3957 quae
463 3886 596 3945 facillime
607 3889 646 3943 ali
686 3907 702 3944 o
721 3891 803 3945 modo
821 3893 953 3959 corrupta
970 3904 1029 3943 esse
1045 3892 1163 3959 possunt
1178 3903 1212 3941 ac
1230 3901 1297 3940 sano
1308 3886 1352 3937 vi-

256 3950 369 4023 dentur,
387 3955 443 4009 tale
461 3956 613 4030 quidquam
632 3906 761 4038 eglligere
784 3956 982 4026 dubitaverim
1010 3973 1102 4027 neque
1121 3972 1186 4011 vero
1207 3955 1243 4009 ad
1259 3953 1351 4008 ullam

260 4036 332 4090 quae
349 4038 382 4077 eo
401 4029 524 4093 tempore
542 4031 622 4096 gesta
639 4031 675 4079 nt
693 4044 751 4083 ram
769 4034 835 4098 apte
857 4026 953 4081 referri
971 4030 1096 4095 possunt.

293 4092 345 4195 11)
378 4093 503 4161 Coelius
530 4096 563 4159 in
592 4095 709 4182 primo:
737 4097 800 4162 illis
828 4096 948 4163 tacilius
982 4103 1030 4188 est
1056 4094 1175 4159 bellum
1203 4099 1354 4161 tractare.
