2867 4650
653 269 695 334 39

208 436 268 505 Ubi
292 443 312 520 ὀ
332 439 459 522 signum
482 437 591 524 posui,
620 437 653 502 in
674 436 763 504 libris
784 457 860 506 mss.
889 441 1006 524 legitur
1027 437 1047 508 ὅ
1066 467 1104 527 ys
1124 438 1237 520 κύλόος

122 521 194 592 etri
217 517 370 600 κεκύλιος.
408 529 479 590 Iam
501 523 642 598 Vossius„
667 540 763 604 quem
784 525 884 590 secuti
905 528 1237 628 suntNoutapg.143

121 615 153 676 et
183 608 330 692 Coruus,
368 609 521 676 intellexit
550 609 731 674 Caecilium
749 610 908 676 rhetorem
931 611 1149 694 ,Calactinum
1182 624 1239 696 qur

120 696 246 780 scripsit
268 696 341 781 περὶ
363 695 523 760 δουλικῶν
540 697 707 778 recitarem
730 696 968 780 Lachmaunus,
986 698 1026 762 de
1037 697 1116 764 font.
1131 699 1202 776 [riv.
1211 700 1237 777 Ι,

121 803 174 867 pgr
198 783 248 849 31.
279 785 311 846 et
332 781 506 848 Kremerus
535 780 735 846 scribendum
761 787 955 866 putaverunt
982 778 1002 848 ὅ
1028 807 1064 868 γε
1095 783 1239 859 Κοίλιος,

119 867 340 950 intellegentes
362 868 398 932 L.
423 866 565 930 Coelium
588 866 808 950 Antipatrum
835 867 869 932 in
889 869 995 936 medio
1018 889 1085 934 rem
1105 868 1238 950 reliquo-

122 959 196 1021 runt
216 953 323 1020 Grocu
345 975 374 1019 v.
397 954 449 1020 Pr.
477 971 531 1036 pg.
557 952 605 1016 75.
635 953 762 1019 Krouse
788 973 843 1037 pg.
866 955 937 1023 184.
980 955 1023 1018 ut
1044 954 1149 1020 Vossii
1168 954 1237 1036 qdi-

121 1038 195 1106 den
216 1039 405 1110 sententiam
428 1037 597 1119 quominus
620 1038 822 1122 accipiemus,
843 1039 952 1121 utique
972 1059 1011 1104 eo
1023 1039 1235 1123 prohibemur,

119 1124 206 1207 quod
227 1140 339 1204 neque,
361 1123 520 1205 quomodo
542 1123 609 1190 eius
629 1123 674 1188 rei
687 1123 843 1189 Caecilius
857 1125 911 1190 ille
926 1123 1118 1190 mentionem
1132 1125 1239 1190 facero

117 1209 265 1295 potuerit,
289 1209 367 1274 setis
389 1207 586 1292 perspicitur,
608 1229 667 1274 nec
681 1209 820 1289 omniuo,
841 1209 875 1273 id
896 1210 982 1292 quod
1000 1211 1081 1276 bene
1093 1209 1237 1276 animod-

117 1294 458 1378 vertitLochmonnus,
482 1289 542 1358 τὸν
565 1294 631 1360 τῶν
647 1294 809 1378 Ρωμαίων
824 1300 1017 1385 συγγραφέα
1038 1315 1111 1360 eum
1134 1295 1239 1361 dicere

121 1378 273 1448 Straboni
296 1377 390 1444 licuit.
449 1377 514 1444 Sed
542 1399 583 1469 ne
608 1379 715 1446 alteris
745 1379 806 1445 illis
836 1380 964 1461 quidem
994 1379 1236 1446 adsentiendum

120 1485 192 1532 esse
213 1470 307 1548 put05
331 1483 406 1530 nom
426 1475 610 1546 quenquam
633 1485 683 1531 res
705 1465 786 1530 bello
799 1464 918 1530 Punico
940 1465 1135 1545 antiquiores
1156 1464 1235 1530 Ooo-

119 1550 198 1616 lium
219 1550 376 1615 interdum
397 1563 668 1616 oorumemorasse'
698 1550 761 1635 ipsi
781 1549 846 1614 inm
866 1550 1020 1632 vidimus,
1057 1557 1165 1614 tamen
1192 1550 1237 1615 ed

118 1634 561 1804 ttltltttttlltl
584 1636 743 1805 {liliiodi
772 1634 1237 1802 lltltttlttlltttl

116 1808 205 1872 locos
225 1805 312 1872 ondit
334 1806 375 1871 de
396 1805 509 1887 quibus
533 1807 639 1872 statim
661 1807 744 1874 iutro
759 1806 986 1890 disputandum
1000 1804 1091 1870 nobis
1103 1804 1162 1870 erit
1175 1829 1233 1888 -3

117 1898 151 1958 et
171 1891 199 1956 ei
217 1891 353 1971 fecisset,
376 1891 490 1956 mirum
513 1895 598 1956 certe
617 1892 721 1972 fuerit,
742 1891 829 1974 quod
851 1889 1024 1975 Dionysius
1044 1889 1143 1957 Helio.
1167 1890 1238 1955 eius

117 1977 215 2062 plone
238 1976 359 2042 nidlam
379 1976 572 2048 mentionem
586 1977 667 2044 lecit.
690 1979 808 2044 Verum
827 1981 934 2040 eutem
949 1976 1074 2040 videsue
1089 1974 1235 2040 existimo

118 2062 368 2146 Schweglerum
392 2063 485 2126 Rem.
507 2061 661 2128 Gesobl.
683 2064 800 2148 pg.8ll
826 2060 1029 2143 quiquidem
1052 2059 1086 2124 Ο.
1099 2060 1236 2126 Acilium

117 2147 324 2214 Glabrionem
345 2147 534 2230 intellegens
556 2149 636 2214 hoec
648 2147 746 2214 dixit:
767 2146 896 2212 Coelius
918 2147 975 2212 het
995 2145 1161 2212 lateinisolr
1182 2165 1236 2226 ge·

117 2233 297 2315 munchen,
339 2233 493 2302 webrend
519 2231 634 2298 Strnbo
663 2247 723 2300 nur
754 2231 951 2317 griechisclre
980 2231 1115 2309 Quellen
1143 2229 1237 2298 eitirt.

116 2317 385 2387 Hnndschrirtlioh
397 2317 557 2403 empfichlt
568 2319 634 2385 sich
654 2314 789 2394 ἀκύλιος
802 2318 878 2402 (wie
891 2318 942 2384 bei
953 2317 1085 2402 Dionys.
1099 2318 1156 2401 ΙΙΙ,
1169 2309 1235 2401 67.)

118 2404 196 2475 oder
208 2402 356 2479 ἀκίλλιος
372 2410 419 2479 (so
432 2404 502 2470 cod.
514 2405 584 2471 Vat.
595 2424 637 2470 en
644 2405 738 2487 jener
749 2404 859 2485 Stelle)
882 2405 1077 2469 mindestens
1099 2404 1179 2468 eben
1201 2423 1238 2469 so

116 2491 192 2559 sehr
214 2488 261 2557 als
283 2490 413 2564 κοίλους.
435 2489 591 2567 -Quod
613 2490 750 2573 quidem
772 2490 799 2555 si
820 2489 949 2556 omnino
969 2490 1004 2557 O.
1017 2488 1110 2555 Acilii
1130 2487 1238 2554 studia

118 2591 202 2659 quoe
215 2574 332 2640 suerint
350 2575 609 2655 consideraverit,
633 2576 729 2641 etiem
743 2575 848 2659 megin
860 2574 1061 2659 probandum
1073 2574 1237 2639 videbitur.

127 2714 131 2719 .
204 2660 351 2741 Denique
382 2661 538 2729 Kreusius
568 2662 666 2727 Coelii
694 2660 881 2744 fragmentis
910 2659 991 2725 duos
1020 2659 1121 2725 Solini
1149 2658 1237 2725 loces

117 2744 251 2829 eddidit,
275 2744 330 2829 qui
352 2746 501 2830 leguntur
521 2766 548 2813 o.
570 2754 595 2832 Ι,
621 2748 650 2824 8,
672 2763 726 2831 pg.
749 2748 777 2813 7.
801 2752 834 2811 et
855 2767 880 2812 c.
901 2749 944 2822 ΙΙ,
967 2744 1026 2826 27,
1047 2765 1101 2845 ug.
1124 2744 1166 2809 42
1187 2744 1237 2812 ed.

117 2834 313 2915 Mommsen;
347 2832 494 2913 quamvis
522 2832 591 2916 ipse
613 2832 770 2899 dubitans.
814 2832 856 2897 Et
879 2830 913 2895 in
933 2830 987 2896 illo
1010 2830 1138 2912 quidem
1164 2830 1236 2895 loco

117 2918 204 3001 quod
221 2914 388 2995 Kreusius
411 2917 444 2981 iu
465 2916 620 2983 Camertis
643 2917 788 2991 editionel
806 2916 944 2999 margini
962 2915 1165 2999 adscriptum,
1187 2933 1236 2979 re

119 3004 199 3069 otius
229 3022 264 3069 se
285 3001 405 3067 hebere
425 3002 602 3085 suspicatus
625 3009 673 3067 est
698 3002 870 3083 „sellus
898 3001 932 3066 id
963 3021 1046 3067 nunc
1075 3000 1115 3064 ob
1144 3000 1236 3066 codd.

118 3090 338 3157 auctoritatem
349 3088 565 3153 Mommsenus
583 3086 616 3151 iu
638 3092 762 3153 textum
782 3087 836 3168 qui
850 3092 982 3153 vocatur
994 3085 1128 3170 recepit3
1150 3086 1236 3151 idem

118 3175 218 3241 altero
241 3174 312 3241 loco
336 3192 354 3237 e
375 3172 442 3239 libr.
466 3192 541 3240 mss.
555 3172 743 3239 auctoritate
764 3171 872 3253 utique
893 3168 948 3255 „u
961 3170 1107 3238 Coelius‘
1127 3171 1235 3252 legen·

118 3260 194 3327 dum
216 3278 287 3325 esse
308 3259 537 3325 demonstravit
560 3296 600 3307 —
623 3258 741 3340 itaut,
774 3257 802 3323 si
831 3256 958 3338 quidem
992 3254 1091 3321 Coelii
1118 3273 1236 3322 nomen

118 3344 319 3422 retineamus,
330 3344 535 3427 cogitandum
547 3349 631 3411 certe
642 3364 706 3408 non
725 3344 766 3410 sit
782 3343 822 3409 de
831 3344 873 3412 L.
887 3341 995 3407 Coelio
1007 3341 1174 3442 Antipatro
1183 3366 1235 3442 -ξ

118 3430 177 3495 sub
198 3447 262 3509 quo
285 3432 391 3493 tomen
410 3430 547 3497 eundem
569 3429 625 3496 (in.
639 3428 776 3495 Gellium
797 3428 898 3494 latere
908 3427 1063 3493 Kreusius
1077 3446 1146 3493 rure
1157 3427 1235 3493 milu

118 3513 244 3581 videtur
263 3512 444 3581 coniecisse.

633 3708 712 3791 IV.

203 3850 359 3921 Iudicium
378 3850 475 3933 igitur
496 3857 530 3915 ut
552 3850 593 3917 de
612 3852 648 3917 L.
664 3850 771 3917 Ocelio
794 3850 899 3917 dicere
919 3849 1088 3937 possimus
1104 3880 1144 3896 -
1156 3860 1233 3925 reru,

120 3936 173 4001 ubi
194 3935 234 4001 de
256 3935 473 4021 scriptoribus,
509 3955 642 4018 quorum
664 3957 764 4021 opera
791 3936 917 4019 integra
945 3936 988 4000 ad
1017 3940 1127 3999 nostra
1155 3937 1235 3997 tcm-

119 4040 200 4106 pora
230 4028 429 4101 manserunt,
465 4027 597 4105 agatur,
632 4022 791 4089 difficilem
821 4022 908 4087 illem
936 4019 1084 4107 quidem,
1123 4017 1165 4089 iu.
1189 4016 1234 4082 eis

119 4126 211 4187 vero,
242 4121 374 4191 quorum
394 4106 529 4191 exiguas
552 4110 676 4173 tuntum
696 4092 869 4192 particulas
890 4105 1048 4189 quasdam
1070 4103 1233 4182 hebemus,
