2867 4650
656 229 699 308 ll

118 413 177 491 uls,
200 417 235 478 ut
256 428 340 478 nunu
361 417 471 477 notum
493 416 550 489 est,
572 409 688 476 lulsam
710 444 755 481 ,ψ
775 409 930 494 „nrirutnll
955 429 1033 476 esse
1047 409 1125 477 dieis
1145 412 1234 495 qtrod

120 507 152 566 et
173 499 261 563 tama
283 504 314 562 et
327 496 454 562 Coelius
477 496 540 561 alia
563 496 617 560 via
632 496 843 561 Hannibalem
858 497 957 579 hlpes
978 515 1146 580 superasse
1168 504 1232 563 tra

121 583 290 667 didissent;
315 583 360 648 sie
374 584 479 668 XXII,
500 584 551 648 31.
574 581 737 647 lenissima
759 579 898 662 quadam
922 581 1082 648 locutione
1095 603 1171 648 usus
1188 591 1236 649 est

118 670 198 755 „sed
212 677 243 733 et
256 669 400 735 Coelium
423 677 455 733 et
466 675 587 732 eeteros
601 667 704 751 fugit‘
725 674 800 751 etu.;
819 666 962 749 sioXXl,
975 668 1027 734 46.
1046 668 1166 750 XXVI,
1183 673 1233 733 tl.

120 754 267 838 quamvis
289 761 432 819 auctores
455 753 562 819 Coelio
586 752 672 836 apud
694 771 729 822 se
746 752 888 836 potiores
905 753 995 833 sequi
1016 772 1052 818 se
1071 753 1163 838 dieat
1185 763 1232 818 ta-

119 861 194 906 men
215 841 318 906 solum
338 839 461 923 patriae
482 857 623 904 amorem
647 839 823 922 quendam,
856 839 1025 919 quominus
1047 838 1139 903 buius
1161 859 1233 904 sen-

119 926 251 992 tentiam
280 927 451 1008 reciperet,
497 943 568 988 eum
598 923 798 1006 prohibuisse
826 922 918 988 fusile
947 924 1145 1009 agnoseitur;
1188 925 1234 990 sio

120 1012 248 1090 XXIII,
272 1013 300 1076 6.
331 1029 403 1076 oum
426 1009 552 1075 Coelius
574 1009 689 1090 aliique
711 1029 779 1073 rem
801 1008 967 1090 quandam·
985 1011 1166 1075 omIsissent
1186 1011 1251 1075 id·

121 1116 183 1179 que
204 1098 273 1180 ipse
295 1115 358 1161 non
381 1096 450 1160 sine
467 1115 565 1159 eausa
584 1094 703 1158 laetum
725 1095 925 1158 existimares
949 1131 991 1142 -
1023 1103 1067 1173 (et
1093 1095 1140 1160 ita
1166 1096 1235 1178 quis

121 1184 196 1246 dem
217 1191 260 1262 ut,
282 1200 384 1262 aeque
405 1199 444 1244 ao
464 1181 572 1261 XXII,
592 1181 652 1265 31,
675 1180 802 1245 nomine
825 1179 971 1263 apposito
992 1180 1119 1246 Coelius
1141 1201 1234 1265 prae

119 1273 168 1333 ter
190 1274 310 1332 eeteros
333 1266 434 1330 elatus
457 1265 575 1350 8111-
597 1284 654 1350 pro
670 1284 828 1330 veraeam
839 1285 958 1349 ponere
975 1285 1039 1330 non
1060 1272 1109 1331 est
1128 1286 1234 1334 arnus.

121 1352 205 1418 Elius
221 1351 411 1418 sententiam
432 1359 516 1414 uerte
536 1350 640 1422 attulit
662 1351 683 1416 1.
703 1352 858 1429 XXVIII,
871 1352 922 1414 46.
942 1353 1065 1431 XXIX,
1089 1353 1140 1417 35.
1159 1353 1235 1418 lioet

119 1438 177 1504 illo
197 1439 266 1504 loeo
288 1437 328 1502 de
350 1456 384 1501 re
407 1437 484 1500 satis
506 1435 569 1500 levi
591 1444 694 1500 utrum
711 1435 820 1502 Coelio
841 1456 884 1500 an
906 1435 1031 1502 Valerio
1054 1437 1235 1503 adsentien-

125 1523 201 1588 dum
223 1529 350 1608 putaret
371 1542 434 1587 non
456 1520 587 1606 dixerit3
621 1527 652 1586 et
674 1523 695 1585 l.
716 1527 848 1606 XXIX,
880 1522 931 1586 25.
952 1534 983 1585 et
1005 1523 1055 1586 27.
1085 1523 1234 1604 quamuis
1268 1549 1272 1554 ¹

120 1629 227 1675 rerum
249 1607 470 1691 augendarum
492 1607 631 1672 studium
655 1607 891 1688 quodammodo
913 1606 942 1670 ei
956 1608 1164 1691 opprobrarit,
1185 1615 1233 1674 ta

120 1715 195 1760 men
216 1696 315 1758 altero
335 1693 414 1770 loeo,
435 1713 508 1758 oum
529 1691 599 1776 ipse
621 1693 778 1758 exereitus
799 1712 965 1757 numerum
977 1712 1042 1757 non
1062 1713 1235 1777 proposue-

120 1780 170 1860 rit,
193 1799 264 1844 eum
287 1786 413 1844 seeutus
433 1786 488 1861 est,
513 1779 613 1842 altero
636 1777 735 1844 Coelii
755 1778 979 1863 narrationem,
1001 1778 1029 1843 si
1049 1798 1122 1843 oum
1144 1780 1235 1846 Livio

120 1866 324 1948 compararis,
346 1883 388 1928 ne
408 1864 513 1929 dicam
534 1884 598 1928 non
621 1863 703 1928 adeo
726 1870 862 1946 anetam,
886 1865 950 1929 imo
964 1864 1121 1930 veriorem
1133 1865 1235 1931 videri

119 1951 225 2017 statim
247 1968 404 2032 agnosces
429 1949 480 2037 (ol.
502 1969 556 2032 pg.
572 1952 643 2029 231.
667 1989 707 2000 -
732 1950 877 2031 Denique
899 1969 971 2014 oum
993 1949 1037 2014 od
1058 1950 1233 2034 priscorum

120 2035 363 2102 admirationem
386 2033 490 2100 denuo
514 2037 732 2101 Romanorum
755 2034 853 2099 animi
874 2034 1083 2119 dedeoterent,
1105 2036 1147 2101 ab
1167 2038 1233 2101 Ha·

121 2120 233 2186 driano
250 2120 441 2204 imperatore
461 2121 587 2186 Coelius
608 2120 776 2204 permagni
797 2119 982 2185 aestimatus
1008 2128 1040 2185 et
1056 2121 1108 2185 vel
1131 2121 1235 2186 Sallu-

121 2207 180 2273 stio
204 2207 400 2291 antepositus
420 2213 469 2270 est
491 2207 542 2285 (of.
567 2207 724 2290 Spartian.
746 2205 846 2273 Hadr.
869 2207 938 2286 16),
974 2224 1038 2287 quo
1058 2205 1187 2289 quidem
1207 2208 1236 2272 si

120 2313 184 2358 non
206 2294 325 2359 bonum
347 2291 504 2356 Hadriani
524 2292 683 2378 iudioium‚
705 2299 813 2357 tamen
836 2291 897 2357 hoe
918 2298 1003 2357 oerte
1021 2292 1235 2375 confirmatur,

120 2378 182 2443 illis
211 2398 338 2460 quoq-ue
368 2378 561 2460 temporibus
595 2399 666 2443 euru
687 2378 771 2443 inter
791 2384 916 2443 veteres
937 2397 1042 2443 rerum
1072 2386 1233 2461 gestarum

122 2464 290 2548 seriptores
313 2482 472 2527 summum
494 2468 589 2544 atque
607 2463 879 2545 elegantissimum
900 2483 971 2528 esse
992 2463 1141 2532 habiturn.

207 2547 374 2633 Seriptoris
395 2546 492 2630 igitur
512 2548 593 2612 tanti
615 2569 636 2612 a
656 2548 792 2632 posteris
813 2548 971 2613 aestimati
990 2548 1124 2631 vestigia
1139 2548 1234 2615 etiam

123 2634 209 2717 apud
232 2654 286 2699 eos
308 2633 362 2715 qui
382 2642 494 2717 postea
513 2633 611 2698 husius
628 2634 701 2699 belli
724 2634 885 2700 historiam
907 2634 1088 2717 seripseriut
1108 2641 1238 2701 exstare

68 2787 70 2792 ,
120 2738 178 2803 per
202 2738 237 2784 se
263 2729 479 2805 exspectatum
509 2720 618 2801 itaque
638 2727 800 2803 postremo
820 2720 950 2784 tandem
970 2720 1040 2784 loeo
1063 2718 1158 2784 etiam
1179 2736 1240 2784 ern

122 2806 304 2888 ponendum
326 2804 404 2869 mihi
426 2812 489 2889 est,
529 2823 611 2888 quae
634 2806 715 2870 inter
738 2804 881 2869 Coelium
912 2812 943 2870 et
974 2804 1033 2870 hos
1061 2823 1142 2887 quos
1167 2804 1234 2869 dixi

122 2890 201 2958 ratio
222 2890 407 2957 intercedat.
451 2892 500 2957 Do
517 2910 595 2975 qua,
618 2911 690 2955 eum
713 2894 788 2974 post
805 2889 1235 2975 Lachmannumaliquoties

120 2975 237 3042 uostris
264 2976 458 3058 temporibus
487 2975 547 3039 viri
575 2976 660 3041 dooti
689 2976 723 3039 in
752 2977 920 3041 tractanda
947 2976 1153 3041 eeleberrimo
1179 2975 1236 3040 ills

119 3061 304 3141 quaestione
324 3080 419 3144 „num
442 3066 473 3124 et
491 3077 553 3140 quo
576 3060 792 3125 modoLivius
813 3061 948 3143 Polybio
969 3060 1058 3125 fonte
1076 3080 1154 3125 usus
1174 3060 1235 3125 sit“

119 3146 219 3211 obiter
240 3145 420 3229 attigissent
439 3144 490 3209 tel
512 3145 617 3229 potius
644 3145 892 3230 significassent,
905 3148 929 3222 ¹)
959 3166 1061 3229 nuper
1083 3145 1116 3210 Ο.
1139 3147 1234 3210 Peter

116 3230 148 3295 iu
169 3238 407 3313 programmate
429 3252 527 3315 saepe
549 3230 654 3311 adhue
675 3231 771 3299 uitato
791 3232 922 3315 eopiose
942 3232 1092 3315 exposuit
1111 3236 1231 3312 esrem,

119 3315 180 3379 nisi
196 3336 393 3400 magnopere
413 3318 516 3401 failor,
540 3317 647 3399 quoad
667 3316 738 3383 fieri
750 3317 862 3405 potuit,
884 3336 1014 3401 prorsus
1031 3317 1195 3404 transegit
1205 3317 1232 3401 ²)
1293 3336 1317 3395 j

192 3484 200 3515 ¹
232 3482 267 3535 Κ.
286 3482 331 3536 W.
349 3482 476 3552 Nitzseh,
499 3484 550 3549 Qu.
569 3484 675 3539 Fabius
692 3485 787 3539 Pictor
805 3486 878 3541 iiber
900 3486 945 3541 die
967 3491 1058 3541 ersten
1076 3486 1163 3541 dabre
1185 3487 1233 3541 des

119 3549 205 3631 banni
226 3550 472 3631 alisehenKoriegs,
489 3553 586 3607 Kleler
603 3554 785 3607 Monatssohr.
804 3556 879 3609 1854.
899 3572 925 3624 p.
945 3554 980 3607 67
997 3554 1042 3622 lix,
1059 3555 1117 3608 Th.
1130 3555 1232 3622 Lucas,

119 3620 271 3688 disputabo
289 3619 323 3671 de
339 3625 447 3673 rabone
466 3638 521 3691 qua
539 3622 635 3675 Livius
653 3640 719 3695 usus
741 3628 784 3676 est
807 3638 889 3693 opere
916 3623 1086 3693 Polybiane,
1136 3630 1186 3677 art.
1209 3623 1230 3677 l.

117 3687 229 3809 Glopuu
250 3688 321 3740 1854.
340 3686 468 3755 michael,
488 3690 634 3744 inwieweit
654 3692 707 3745 hat
723 3690 819 3745 Livius
837 3692 892 3745 den
912 3691 1047 3761 Polybius
1065 3692 1106 3745 uls
1152 3697 1232 3761 aupt»
1331 3745 1333 3747 ,

119 3772 172 3827 que
184 3757 210 3809 le
230 3754 362 3809 benutat?
383 3756 497 3826 Torgau
516 3760 590 3811 1859.
626 3759 795 3827 Tillmanns,
825 3777 880 3831 quo
901 3760 974 3813 libro
991 3755 1088 3813 Livius
1111 3760 1232 3829 Polybio

118 3824 249 3879 historico
266 3822 308 3877 uti
325 3824 455 3893 eoeperit.
489 3826 568 3881 Neue
587 3826 685 3881 Jahrb.
702 3828 724 3881 f.
748 3828 818 3881 Phil.
835 3847 861 3882 u.
880 3830 962 3883 Paed
980 3834 1045 3890 torn.¹
1063 3830 1105 3882 83.

166 3940 168 3943 ·
197 3895 218 3963 ¹>
238 3892 292 3974 Q..
310 3892 777 4018 aduersantibus
789 3897 910 4019 rs·dili
926 3908 929 3912 ·
948 3896 1234 4020 russas

116 3977 178 4108 ibib
194 3962 612 4110 bbllbbbflremsibiilbrbbosuisset,
631 4049 647 4087 a
666 4033 769 4103 quihus
784 3984 879 4088 turribii
896 4006 1021 4101 maxime,
1038 4051 1100 4088 oum
1118 4003 1190 4101 Pbly
1210 4032 1232 4083 i-

116 4112 163 4150 am
180 4112 271 4166 operis
288 4104 396 4168 purtem
406 4100 614 4168 tantummodo,
633 4118 689 4170 qua
701 4102 814 4155 eaedem
832 4119 875 4157 res
888 4103 1074 4171 eontinentur,
1094 4101 1230 4168 integrum
