2867 4650
726 247 776 316 1&

75 423 80 432 ’
150 483 154 490 ,
193 435 251 488 cae
272 418 407 488 susem
429 417 536 486 valere
557 423 706 502 putarent
727 424 761 485 et
780 419 929 484 accurate
953 435 1063 484 eorum
1083 416 1117 484 iu
1137 413 1320 485 multanda·

192 507 300 591 populi
315 505 458 573 ‘Romani
479 504 611 570 historia
632 505 788 570 rationem
808 505 869 570 sibi
887 503 1083 569 reddendam
1103 516 1177 571 'esse
1196 506 1318 572 erede-

119 606 123 614 “
195 599 281 677 rent;
315 592 360 658 ita
381 598 415 657 ut
435 590 584 658 facillime
602 609 681 656 saue
701 591 770 655 fieri
790 597 913 673 posset,
936 597 971 654 ut
990 591 1157 657 occasione
1172 592 1231 657 sibi
1253 593 1317 658 cb-

192 679 273 761 lats,
305 678 358 744 ubi
379 676 552 759 somnium,
576 676 660 759 quod
684 677 768 741 bello
789 675 910 741 Punico
929 677 1070 742 secundo
1089 678 1182 741 alicui
1202 679 1315 742 visum

192 770 292 842 esset,
310 799 313 809 ·
330 763 428 840 (velut
450 761 622 828 Hannibali
639 761 672 825 in
694 763 819 826 ltaliam
841 761 1060 845 proficiscenti.
1080 765 1121 828 cf.
1144 762 1207 830 Oic.
1227 764 1247 826 l.
1272 763 1314 842 t)

193 849 322 916 tandem
344 848 486 914 evasisse
504 866 573 912 nan
581 853 658 927 aret,
681 846 738 912 illa
761 867 843 932 quae
864 865 962 929 snpra
981 848 1074 930 posui
1095 854 1247 932 tanquam
1260 848 1314 910 lu-

193 934 412 1001 culentissima
428 935 495 1000 eius
518 931 563 998 rei
582 934 732 1015 exempla
751 933 884 1000 adderet
904 940 960 996 aut
980 933 1117 1013 omnino,
1140 943 1176 996 ut
1191 943 1312 1016 postea

200 1019 233 1086 in
246 1020 437 1087 contrariam
453 1025 578 1102 partem
593 1017 739 1099 Sisenna,
760 1020 802 1083 de
822 1018 885 1084 fide
898 1018 1029 1083 somniis
1041 1019 1189 1085 habenda
1201 1019 1315 1102 dispuss

191 1111 281 1173 taret
322 1105 399 1172 Eius
418 1112 524 1169 autem
545 1102 605 1184 rei,
639 1123 737 1188 quam
768 1105 861 1170 tertio
890 1105 961 1168 loco
989 1120 1087 1186 snpra
1116 1105 1313 1188 enumeravi,

192 1190 500 1274 commemorandae
531 1187 608 1253 satis
636 1188 754 1255 idonea
780 1190 904 1256 occasio
924 1189 984 1253 fnit
1009 1196 1065 1253 aut
1093 1190 1125 1254 in
1147 1190 1314 1256 narrando

194 1277 279 1344 bellu
299 1277 487 1360 Hispanico,
519 1273 573 1340 ubi
595 1292 673 1340 sane
695 1276 737 1341 de
757 1277 853 1342 totius
875 1275 1015 1357 regionis
1034 1277 1222 1360 urbiumque
1245 1278 1313 1341 situ

195 1381 234 1428 aa
254 1363 447 1446 condicione,
470 1361 577 1445 itaque
588 1358 629 1424 de
650 1362 837 1427 commercio
854 1379 986 1446 quoque,
1009 1363 1199 1442 exponenda
1212 1381 1313 1446 quse⁴

194 1447 386 1524 demerent,
408 1453 478 1524 aut,
499 1444 533 1510 id
555 1444 642 1526 quod
663 1448 759 1513 etiam
781 1446 885 1530 magis
906 1445 983 1510 mibi
1004 1445 1110 1528 placet
1116 1498 1124 1530 ,
1147 1447 1180 1510 in
1195 1446 1318 1512 dfrlea'

194 1533 411 1616 describenda,
434 1531 488 1597 ubi
509 1529 658 1595 facillime
681 1535 898 1617 quaestionem
918 1531 1007 1595 illam
1028 1551 1087 1615 per
1104 1540 1206 1597 totam
1227 1532 1320 1596 anti-1

196 1618 347 1703 quitatem
371 1618 458 1682 varie
476 1620 643 1690 tentatam,
666 1626 770 1682 utrum
781 1619 890 1684 Africa
910 1617 950 1682 ab
971 1618 1058 1681 omni
1075 1626 1167 1701 parte
1189 1639 1312 1683 oceano

195 1704 376 1786 cingeretur
386 1702 582 1785 navibusque
590 1701 781 1768 circumvehi
799 1711 908 1787 posset
915 1723 1023 1784 necne,
1031 1703 1190 1784 attingere
1196 1705 1308 1786 potuit.

255 1789 449 1872 Temporum
459 1787 540 1851 bello
551 1786 669 1852 Punico
678 1795 702 1854 Ι.
712 1790 908 1873 superiorum
919 1789 1225 1853 historiamcoeiium
1234 1789 1311 1854 scri—

197 1873 299 1956 psisse
306 1873 507 1939 neKrausius
515 1870 643 1956 quidem
652 1876 827 1958 contendit;
844 1884 876 1940 ct
886 1873 1014 1938 iureille
1024 1874 1161 1954 quidem,
1172 1894 1241 1938 cum
1251 1894 1312 1939 nec

198 1959 384 2026 Plutarchus
392 1979 459 2040 neo,
467 1958 500 2022 id
508 1956 592 2042 quod
602 1957 1313 2044 utiquefieridebebanionysiusHalicarnae

200 2045 301 2112 sensis
323 2046 387 2110 ullo
403 2046 473 2110 loco
485 2051 637 2126 tanquam
651 2047 846 2131 antiquitatis
858 2048 1025 2110 Romanae
1038 2045 1221 2128 scriptorem
1236 2051 1319 2110 eum'

195 2131 428 2198 nominaverint
441 2135 474 2194 et
485 2128 734 2209 fragmentorum
749 2132 869 2196 adeam
879 2130 1088 2215 spectantium
1097 2132 1307 2196 numerusmi-

196 2235 255 2282 nar
269 2217 318 2300 sit,
334 2235 430 2301 quam
446 2231 567 2297 exque
580 2213 644 2279 tale
657 2217 829 2302 quidquam
846 2237 917 2282 cum
930 2217 1037 2300 aliqua
1051 2217 1190 2281 veritatis
1204 2215 1309 2299 specie

198 2302 305 2386 colligi
333 2301 442 2386 possit.
486 2300 554 2363 lam
577 2319 653 2366 vero
675 2303 715 2369 ab
737 2304 840 2369 altera
865 2309 956 2386 parte
976 2302 1029 2367 ille
1051 2303 1179 2367 modum
1200 2319 1308 2368 exues

196 2386 251 2471 uit,
278 2407 349 2453 cum
372 2409 412 2453 ne
431 2386 535 2451 dicam
558 2383 734 2469 dubitaret,
763 2390 820 2454 sed
839 2397 947 2454 tamen
968 2389 1000 2452 in
1024 2389 1127 2451 modio
1155 2389 1308 2472 relinque-

197 2480 260 2557 ret,
295 2492 372 2539 num
395 2470 522 2539 omnino
556 2490 595 2534 ea
615 2472 797 2557 fragmenta
818 2476 925 2541 Coelio
956 2474 1167 2538 adscribenda
1194 2482 1309 2539 essent.

197 2557 351 2635 Quamvis
373 2558 457 2625 enim
478 2574 585 2621 eorum
609 2560 683 2638 tria,
714 2581 798 2645 quae
823 2562 972 2644 leguntur
1000 2559 1086 2641 apud
1107 2559 1251 2624 Solinum
1279 2567 1318 2627 et·

199 2644 389 2711 Strabonem
412 2648 509 2727 atque
531 2650 668 2710 antean
694 2647 882 2729 quibusdam
903 2645 1002 2713 Caelii
1024 2664 1094 2710 esse
1114 2645 1305 2727 dicebantur,

199 2730 390 2797 nemetiam
404 2728 487 2793 aliae
499 2746 616 2793 causae
630 2732 792 2817 accedant,
812 2732 981 2797 manifesto
994 2732 1037 2795 ab
1049 2748 1087 2793 eo
1098 2728 1309 2795 abiudicanda

199 2834 272 2881 esse
293 2836 353 2898 ego
365 2830 491 2899 quoque
503 2832 660 2895 censeam,
682 2818 803 2901 reliqua
823 2827 940 2898 tamen,
963 2825 1046 2902 quae
1066 2826 1141 2879 sunt
1154 2836 1205 2898 ap.
1221 2816 1308 2880 Serv.

198 2898 242 2965 ad
261 2900 378 2983 Georg.
399 2900 448 2979 II,
472 2898 542 2963 197.
572 2900 614 2965 ad
634 2904 714 2970 Aen.
736 2904 776 2969 X.
797 2905 871 2970 405.
901 2924 959 2985 pro
982 2901 1126 2985 genuinis
1147 2908 1232 2965 certo
1255 2902 1308 2964 ba·

198 2985 304 3051 banda
325 2991 398 3051 sunt
419 2991 451 3048 et
471 3001 571 3067 aeque
593 2994 688 3073 atque
714 3008 761 3067 ea,
784 2992 825 3055 de
845 2989 957 3075 quibus
977 3006 1075 3070 snpra
1095 2982 1249 3074 diximus,
1264 2987 1314 3050 fa·-

198 3069 262 3135 cile-
277 3070 323 3137 sic
341 3069 557 3154 explicantur,
591 3080 626 3137 ut
653 3075 761 3138 omnia
791 3078 872 3141 bone
892 3072 1073 3157 procedant.
1114 3071 1193 3147 Quis
1214 3071 1305 3151 enim,

198 3154 252 3221 ubi
278 3158 414 3240 primum
434 3155 561 3223 Coelius
583 3158 713 3242 Capuae
740 3162 933 3226 mentionem
960 3158 1094 3238 faceret,
1128 3161 1201 3220 eu'm
1231 3172 1306 3222 uon-

199 3240 286 3307 nulla
308 3242 348 3309 de
369 3242 436 3306 eius
455 3240 540 3306 urbis
562 3244 685 3325 origine
706 3265 866 3329 exponere
887 3245 1028 3327 potuisse
1048 3261 1112 3307 non
1129 3242 1225 3306 modo
1247 3257 1308 3305 non
1413 3295 1415 3298 .

199 3328 373 3411 negaverit,
392 3325 451 3391 sed
474 3326 578 3415 etiam,
601 3329 629 3393 si
647 3328 680 3393 id
702 3348 776 3395 eum
797 3331 978 3416 neglexisse
990 3328 1151 3406 sciremus,
1173 3348 1237 3392 non
1252 3328 1306 3390 mis

198 3418 286 3479 ratus
304 3413 358 3497 sit,
381 3414 519 3495 itemque
540 3415 573 3480 in
594 3416 693 3480 altero
714 3418 794 3498 loco,
814 3418 847 3484 in
868 3438 931 3503 quo
949 3422 1056 3480 tamen
1076 3412 1308 3495 ipseKrausins

200 3498 296 3581 uma
323 3518 387 3563 non
416 3496 566 3567 offendit?
608 3500 703 3579 Quod
729 3510 836 3569 autem
862 3504 895 3568 in
918 3520 956 3566 eo
983 3517 1107 3583 quoque
1135 3498 1318 3580 fragmento-

200 3583 285 3668 quod
307 3592 357 3649 est
382 3603 433 3665 sp.
456 3582 543 3653 Serv.
567 3587 610 3652 ad
631 3588 708 3655 Aen.
731 3590 796 3665 III,
824 3590 897 3655 402.
929 3585 1071 3652 Coelium
1101 3582 1154 3666 „in
1181 3584 1309 3668 subque

197 3675 342 3753 tempora
363 3667 577 3751 exspatiatum
598 3674 688 3739 esse“
708 3675 886 3759 suspicatus
908 3679 972 3755 est,
1003 3669 1037 3735 id
1059 3668 1173 3733 iniuria
1193 3669 1309 3736 tuum

199 3753 278 3822 ultro
300 3758 444 3841 apparet.
454 3754 477 3833 1)
1230 3784 1247 3798 .,
1271 3772 1282 3791 ··
1304 3778 1308 3786 ¹

270 3978 290 4044 ι)
306 3976 351 4033 Ibi
372 3982 444 4041 enim
462 3972 572 4029 Coelius
595 3974 756 4046 simpliciter
774 3974 845 4027 dixit
867 3974 1002 4028 Peteliam
1025 3973 1124 4027 umbem
1150 3967 1308 4027 altomuro

199 4043 286 4100 fuisse
300 4045 471 4118 impositam,
492 4044 567 4113 quod
585 4044 723 4113 quomodo
740 4044 777 4096 ad
793 4043 988 4121 antiquitatem
1002 4047 1126 4111 spectare
1144 4042 1309 4111 uiotpotue·

199 4110 372 4187 riunecego
389 4122 470 4178 video
487 4114 708 4187 necquicquam,
725 4111 832 4182 opinor,
846 4110 961 4168 videbit.
1180 4133 1193 4150 ,ι
1239 4131 1253 4152 .,
1283 4120 1305 4151 a·
