2867 4650
659 270 707 351 49

127 457 182 507 cos
202 439 273 509 illos
294 436 463 522 scriptores
484 456 565 521 quos
588 457 687 524 supra
708 438 847 510 unimus
876 441 1003 515 omniuo
1026 448 1151 522 secutm
1171 462 1241 522 esse

125 531 265 608 constet,
291 523 368 592 item
389 520 515 592 Livium
540 544 639 590 unam
668 531 754 592 certe
776 523 933 596 eiusmodi
953 547 974 596 a
991 526 1117 614 Coelio,
1146 535 1241 616 quem

125 611 273 678 esileno
304 607 449 678 hausisse
481 609 636 690 vidimus,
663 609 867 681 manifestum
889 618 938 680 est
959 613 1137 704 accepisse,
1168 616 1241 686 eum

126 697 262 796 alterum
293 694 386 794 illud,
421 695 508 778 quod
535 695 576 764 de
603 695 697 764 rebus
718 695 874 766 Romanis
908 695 1076 782 diligenter
1101 699 1240 776 narratis

124 782 198 868 duxi,
221 781 384 848 annalium
398 782 558 866 quendam
579 780 765 864 scriptorem
787 801 860 850 eum
874 789 949 851 ante
962 785 1071 855 oculos
1092 783 1242 857 habuisse

124 875 236 952 aperte
259 867 397 934 denotet.
441 871 512 932 Iam
534 867 642 946 Peter,
671 864 837 950 aptissime
859 863 909 936 his
933 869 1080 940 omnibus
1101 871 1183 940 iuter
1205 889 1240 938 se

122 952 296 1020 coniunctis
345 971 418 1020 cum
439 957 608 1036 praeterea
629 949 660 1016 et
682 950 824 1020 omnium
845 953 1032 1038 saepissime
1054 954 1198 1027 Coelium
1219 974 1240 1022 a

121 1037 214 1140 bivio
236 1002 362 1139 laeciori
382 1037 548 1138 yidcamus
569 1074 611 1137 .-
643 1035 742 1120 (quod
763 1036 910 1137 quamvis
938 1045 1005 1109 tum
1032 1037 1099 1112 fere
1120 1041 1239 1114 lactum

120 1132 173 1201 snt,
196 1125 249 1190 ubr
269 1124 462 1208 rpsebrvrus
484 1124 525 1188 ab
549 1140 616 1190 crus
636 1127 795 1191 sententia
815 1123 952 1203 recedat,
975 1133 1083 1198 mmeu
1105 1123 1239 1211 diliges-

120 1217 168 1276 ter
189 1228 263 1276 cum
285 1208 386 1276 Ocelil
407 1227 487 1294 opus
512 1207 630 1291 legisse
651 1207 826 1292 magnique
848 1209 1037 1281 aestimasse
1058 1210 1238 1297 confirmat)

121 1313 317 1377 -cumque
336 1293 370 1360 in
390 1295 484 1359 rebus
506 1299 537 1358 et
559 1291 663 1358 verbis
685 1291 815 1374 Livius,
849 1293 973 1362 etiamsi
1000 1314 1075 1366 cum
1096 1317 1162 1372 non
1182 1316 1239 1371 no·

119 1379 255 1459 minerii,
278 1399 349 1446 cum
363 1378 471 1446 Ocelio
483 1375 650 1461 ahquoties
660 1376 855 1447 consentiat:
877 1380 955 1448 satis
973 1387 1084 1481 aperte
1108 1380 1238 1457 demen-

117 1465 232 1534 strarit
258 1471 359 1531 totum
378 1463 458 1530 illud
479 1483 596 1548 genus,
627 1461 713 1545 quod
735 1461 870 1530 mixtum
891 1485 1046 1551 rosarum,
1083 1484 1105 1530 a
1125 1466 1234 1543 Coelio

120 1572 193 1618 eum
212 1549 464 1636 deprompsisse,
488 1551 528 1616 ab
551 1548 611 1616 hoc
629 1548 740 1614 omnia
758 1549 842 1628 fere,
869 1548 930 1617 uisi
963 1550 1037 1618 ‘uae
1056 1571 1078 1624 e
1099 1551 1234 1636 Polybio

121 1643 164 1739 (ot
184 1656 289 1724 pauca
306 1636 362 1736 illa
385 1654 468 1718 quae
488 1654 530 1700 ex
551 1633 714 1702 annalium
733 1633 938 1719 scriptoribus
952 1569 1063 1704 boelio
1083 1634 1237 1722 posterio-

117 1725 217 1802 ribus)
232 1723 398 1806 hausrsset,
419 1721 598 1805 accepisse3
622 1737 663 1784 ex
682 1738 746 1803 quo
764 1725 919 1804 quantum
934 1719 1167 1795 etiamnuuead
1178 1741 1238 1795 nos

122 1809 230 1876 ualeat
251 1808 351 1876 coelii
372 1806 544 1876 auctoritas
565 1805 647 1872 ultro
668 1804 870 1892 intellegitur.

203 1893 348 1961 Cassium
370 1893 506 1960 Dionem
527 1893 710 1972 (Zonaram)
738 1896 769 1956 et
788 1891 973 1990 Appianum
990 1910 1094 1975 neque
1116 1911 1137 1962 a
1156 1891 1235 1968 Coe-

119 1980 162 2046 lio
181 1998 285 2063 neque
311 1978 439 2046 omnino
460 1998 501 2044 ex
523 1976 677 2045 Romanis
703 1975 907 2060 scriptoribus
931 1975 1005 2055 (nisi
1024 1977 1106 2044 forte
1125 1996 1165 2045 ex
1188 1975 1234 2044 eis

121 2065 175 2149 qui
183 2067 324 2132 Graecos
335 2065 466 2132 condes
482 2063 693 2148 scripsissent)
706 2061 851 2131 hausisse
866 2081 971 2148 perse
982 2069 1232 2133 consentaneum

117 2158 169 2220 est
190 2157 223 2217 et
243 2169 458 2232 eorumquae
478 2155 688 2216 narraverunt
714 2145 838 2216 ratione
860 2145 1071 2219 confirmatur.
1113 2147 1234 2214 Pontes

118 2235 560 2325 potiushabueruuttlraecos
572 2235 753 2320 scriptores,
766 2231 909 2302 Silenum
922 2240 1115 2323 ceterosque,
1128 2232 1237 2318 itaque

119 2344 225 2411 genus
239 2323 336 2408 illud,
366 2321 453 2405 quod
475 2320 611 2406 Polybio
634 2320 731 2406 plane
760 2317 953 2387 contrarium
973 2317 1158 2388 habendum
1177 2326 1236 2401 est,

118 2410 215 2495 'quasi
234 2410 408 2493 integrum,
438 2416 592 2491 quantum
614 2406 682 2473 fieri
703 2404 820 2491 potuit,
844 2424 1030 2488 merumque
1050 2409 1215 2489 praestant
1225 2427 1237 2485 ,·

122 2518 142 2563 a
163 2494 270 2563 Coelio
293 2494 354 2560 hoc
372 2501 485 2578 postea
506 2513 578 2559 cum
599 2491 653 2577 eis,
676 2510 759 2573 quae
780 2491 821 2555 ab
843 2489 1007 2559 amatium
1028 2488 1235 2574 scriptoribus

121 2582 181 2651 sibi
204 2580 444 2665 assumpsisset,
474 2578 567 2662 quasi
595 2576 846 2643 contaminatum
870 2582 935 2659 est3
968 2574 1069 2641 Goelii
1099 2574 1232 2640 materia

145 2686 216 2737 orro
232 2687 304 2734 cum
320 2664 379 2732 Pol
403 2665 505 2731 bianis
524 2663 748 2731 contaminata
760 2680 781 2725 a
793 2660 884 2726 Livio
896 2666 941 2741 (et
954 2659 1057 2726 simile
1070 2658 1233 2741 quoddam

119 2690 239 2823 borum
252 2686 427 2819 aOorneiio
442 2752 567 2834 Nepote
578 2749 611 2815 in
625 2745 905 2825 vitaHannibalis).
927 2744 1053 2811 Livium
1053 2744 1234 2895 1⁴praecipue

121 2847 248 2907 secutus
263 2836 557 2920 scelerarorum),
574 2854 661 2901 mere
672 2836 898 2915 excerpserunt
908 2829 1032 2913 Florus,
1082 2830 1235 2929 utropius,

126 2924 265 2993 Orosius.
287 2960 329 2976 -
362 2925 411 2988 De
430 2921 587 3007 Diodoro,
609 2939 682 2986 eum
703 2918 855 2984 librorum
877 2934 1002 2993 eornm,
1025 2915 1139 2999 quibus
1161 2914 1236 2981 belh
1277 2985 1284 2993 ,

123 3008 235 3078 Punici
255 3006 385 3074 secundi
403 3006 566 3073 historiam
588 3005 691 3073 deseri
714 3003 763 3089 sit,
786 3021 891 3085 panca
911 3008 1037 3067 tantum
1057 3002 1238 3085 fragmenta

125 3097 316 3171 habeamus,
354 3092 432 3159 certi
463 3092 637 3174 quidquam
668 3111 688 3156 a
773 3106 829 3152 are
856 3085 1004 3169 equidem
1029 3107 1093 3153 non
1123 3085 1236 3151 ausim.

121 3182 240 3249 Eorum
261 3178 346 3245 enim
365 3176 526 3262 plerisque
551 3183 606 3243 aut
634 3172 916 3259 contemplationes
946 3171 1121 3258 quaedam,
1152 3188 1236 3252 quas

121 3269 161 3335 ab
182 3267 253 3351 ipso
273 3264 402 3330 demum
417 3262 557 3330 Diodoro
579 3262 734 3347 originem
748 3260 864 3324 ducere
876 3263 1020 3344 apparet,
1043 3264 1099 3323 aut
1120 3275 1234 3334 rerum,

122 3353 163 3419 do
184 3352 298 3434 quibus
318 3368 391 3417 cum
411 3348 540 3433 reliquis
567 3347 774 3437 scriptoribus
803 3344 994 3412 consentiret
1016 3342 1083 3409 lere
1102 3360 1235 3409 necesse

196 3590 216 3658 ¹)
243 3586 290 3643 Sic
312 3585 385 3643 enim
408 3600 454 3639 res
477 3598 508 3638 se
529 3580 629 3647 hahet,
662 3580 747 3635 ctiam
770 3577 858 3633 invito
879 3576 918 3632 M.
938 3572 1111 3632 Buchholnio
1134 3572 1183 3644 qui
1200 3572 1235 3627 rin

123 3658 220 3715 libello
242 3656 289 3712 cui
312 3654 486 3711 inscribitur:
515 3648 646 3719 „Quibus
669 3648 795 3701 fontibus
820 3646 988 3701 Plutarchus
1011 3644 1041 3697 in
1064 3641 1129 3695 ritis
1152 3640 1235 3695 Fabii

127 3726 279 3783 Maximimi
296 3730 326 3778 et
339 3720 465 3778 Marcelli
485 3735 552 3774 usus
566 3718 611 3785 sit,
628 3715 689 3785 Gry
710 3715 831 3769 h.1865“
848 3712 1036 3769 contenderit:
1053 3709 1235 3789 Plutarchum

124 3814 176 3851 nec
194 3794 316 3865 Polybio
339 3807 393 3846 nec
410 3788 491 3843 Livio
504 3784 660 3908 praecipuo
678 3734 758 3837 ἅπτε
783 3800 862 3855 usum
882 3799 958 3863 esso,
984 3780 1033 3835 sed
1053 3808 1086 3819 —
1110 3783 1235 3847 exceptus

123 3866 222 3935 paucis
242 3879 315 3934 quae
334 3877 368 3915 en
384 3859 448 3913 aliis
465 3856 502 3913 ad
523 3855 564 3908 ita
583 3858 729 3909 essent-
751 3849 803 3914 Qu.
818 3850 910 3905 Fabio
924 3850 1050 3917 Pretore;
1073 3863 1170 3901 corum
1186 3860 1236 3899 au·

124 3938 195 4001 tem,
217 3933 246 3986 in
264 3929 367 4002 quibus
387 3927 499 3994 Livius,
522 3922 571 3996 qui
589 3939 655 3977 sanc
673 3925 821 3991 praeterea
838 3920 923 3974 ctiam
943 3916 1093 3987 Polybium
1109 3913 1236 3982 aliosque

125 4001 268 4055 annalium
286 3999 439 4067 scriptores
456 3991 657 4057 consuluisset,
681 4006 745 4043 cum
764 3986 916 4041 Plutarcho
939 3989 1091 4055 congruat,
1114 3981 1233 4035 eundem

126 4068 244 4123 Fabium
268 4084 330 4123 esso
347 4070 506 4131 auctorem
530 4060 649 4115 cundem
671 4058 791 4125 denique
813 4056 898 4110 etiam
915 4053 1077 4123 Polybium,
1099 4049 1148 4104 scd
1170 4062 1235 4102 exa·

120 4136 276 4193 minantem
293 4141 323 4191 ct
339 4132 535 4203 corrigentem,
554 4143 615 4182 esse
635 4130 767 4181 secuturo.
1004 4202 1023 4256 ⁴
