2867 4650
748 243 804 325 εἴ

244 419 417 497 semmua
441 433 536 498 sutem
561 425 606 486 te
629 413 671 481 it.
690 427 752 493 ra,
778 432 852 498 quse
878 413 972 481 emme
993 431 1125 498 qaam
1148 413 1187 480 ut
1211 431 1238 482 ‘a
1253 411 1331 494 dtur,

241 497 312 568 quin
332 515 354 562 e¹
364 497 456 566 primo
475 495 600 552 coeliani
619 497 711 565 operit
732 496 806 555 libro
825 505 937 566 sumpts
955 495 1025 562 sint,
1049 511 1111 550 eum
1129 495 1248 553 dubium
1265 513 1330 554 m

246 584 302 618 non
321 566 428 635 possit,
450 565 482 645 fr.
501 565 545 619 50.
564 571 593 617 et
611 563 685 644 quod
705 580 825 646 nuptae
843 565 978 618 Cicerone
997 564 1081 618 attali
1101 564 1243 686 fr.„46„,·
1257 565 1289 643 d,
1302 583 1332 620 s.

245 632 486 782 {siddimi-¹3⁸}
504 641 705 756 detritu
724 632 800 756 12er
797 650 900 772 liii
909 633 1032 756 ,till
1049 649 1134 758 titt
1151 651 1246 772 ltu
1265 651 1329 756 tt}

243 775 428 892 miiittrireigro
446 835 526 892 uneis
543 837 681 893 inclusum
698 837 724 890 b.
736 835 754 888 l.
771 836 1030 914 etiumproponere
1049 833 1120 888 milri
1134 834 1218 888 liceat
1232 835 1328 914 losum

244 907 291 976 qui
312 913 356 961 es't
375 923 419 977 ap.
440 905 498 958 Liv.
517 905 611 974 XXII,
625 905 658 976 6.,
678 907 726 976 qui
746 905 870 958 Coelianr
890 904 981 974 operis
1002 904 1047 957 fra
1069 912 1192 957 mentum
1212 903 1329 974 quidem

242 975 353 1094 proprie
373 976 467 1053 tutari
483 980 539 1053 non
556 977 653 1057 possit,
673 975 722 1028 sed
738 979 833 1052 tamen
852 989 952 1052 nouum
967 971 1043 1044 quod
1083 979 1118 1038 m,
1137 971 1277 1043 quamvis,
1293 979 1330 1026 ut

261 1059 295 1096 oe
313 1045 397 1098 verbo
415 1049 487 1110 utar,
505 1051 676 1112 negaturum,
702 1043 737 1095 ud
756 1059 815 1094 etur
833 1042 1023 1108 eogurtlonern
1038 1041 1158 1094 afferat:

294 1107 359 1198 [51]
382 1111 453 1188 Quo
466 1149 509 1162 --
524 1122 578 1186 (sa
601 1112 646 1176 ed
668 1110 892 1189 Hannibalem)
906 1144 948 1158 -
961 1110 1146 1193 priusquam
1167 1109 1264 1174 iretur
1283 1149 1322 1158 -

212 1205 267 1271 (se.
294 1215 316 1259 a
339 1197 581 1280 Campanorum·
608 1198 735 1280 legatis)
767 1233 825 1278 -,
849 1194 984 1260 Romam
1007 1196 1132 1276 legatos
1162 1194 1276 1259 missos
1306 1213 1331 1257 a

213 1281 388 1366 Campanis
407 1281 440 1346 in
460 1281 649 1364 quibusdam
676 1282 843 1347 annalibus
864 1279 991 1344 invenio
998 1331 1007 1364 ,
1042 1280 1255 1366 postulantes,
1292 1288 1329 1344 ut

212 1360 293 1432 alter
315 1368 426 1452 qonsul
447 1367 631 1451 Campanus
652 1364 742 1433 lieret
763 1365 789 1431 si
809 1386 875 1432 rem
890 1368 1070 1431 Romanam
1093 1365 1240 1444 adiuvari
1260 1365 1327 1440 vel-

209 1452 283 1517 lent.
319 1451 543 1535 indignatione
565 1461 635 1519 orta
656 1453 849 1519 summoveri
872 1472 894 1514 a
914 1453 1004 1516 ouria
1023 1451 1125 1518 iussos
1147 1471 1229 1531 esse,
1251 1450 1328 1515 mis·

209 1555 343 1618 samque
364 1537 504 1602 lictorem
528 1538 582 1619 qui
604 1557 644 1602 ex
664 1540 743 1603 urbe
763 1537 911 1602 edueeret
931 1556 988 1601 eos
1009 1547 1105 1618 atque
1127 1555 1165 1601 eo
1185 1537 1239 1600 die
1258 1555 1327 1599 mu-

207 1639 283 1687 nere
307 1629 397 1686 extra
424 1623 501 1688 lines
524 1623 687 1690 Romanos
718 1623 848 1688 iuberet.
892 1620 976 1698 Quia
998 1623 1092 1688 nimis
1114 1641 1245 1722 compar
1265 1623 1327 1685 La-

206 1708 341 1772 tinorum
367 1707 528 1788 quondam
551 1709 724 1791 postulatio
746 1714 825 1792 erat,
848 1707 1036 1789 Coeliusque
1056 1714 1087 1773 et
1108 1707 1162 1772 alii
1183 1708 1216 1770 rd
1239 1705 1327 1772 haud

206 1787 275 1858 sine
295 1811 394 1858 eausa
414 1793 696 1874 praetermiserant
713 1793 898 1877 seriptores,
928 1813 1048 1878 ponere
1068 1813 1126 1877 pro
1147 1800 1236 1860 eerto
1253 1813 1327 1858 sum

206 1878 324 1942 vestus
370 1877 441 1945 niv.
462 1879 567 1958 xxii,
589 1877 631 1967 a]

292 1974 344 2056 52)
379 1975 506 2046 Coelius
526 1979 662 2046 Romam
685 1986 811 2046 euntem
834 1981 874 2046 ab
897 1979 993 2046 Ereto
1014 1979 1181 2045 divertisse
1211 1989 1280 2058 eo(
1318 2032 1324 2043 .

208 2061 251 2126 ad
273 2063 429 2130 Feroniae
451 2065 617 2150 templum)
641 2067 853 2131 Hannibalem
887 2065 1002 2147 tradit,
1033 2066 1156 2146 iterque
1185 2065 1252 2130 eius
1281 2063 1325 2128 ab

208 2149 310 2212 Reate
331 2149 517 2232 Cutiliisque
546 2152 640 2216 stab
663 2151 828 2217 Amiterno
849 2150 977 2215 orditur.
1020 2152 1071 2214 Ex
1092 2148 1269 2233 Campania
1289 2150 1322 2211 in

206 2235 389 2310 Samnium,
410 2235 485 2300 inde
505 2238 536 2299 in
560 2237 733 2320 Paelignos
752 2235 937 2320 pervenisse
958 2243 1146 2320 praeterque
1170 2233 1319 2319 oppidum

209 2319 394 2385 Sulmonem
424 2320 457 2385 in
486 2321 682 2389 Marrucinos
713 2321 882 2406 transisse;
919 2319 992 2386 inde
1019 2321 1150 2390 Albensi
1179 2342 1256 2405 agro
1276 2319 1323 2390 lin

204 2404 344 2487 Marsos,
379 2405 451 2470 bino
480 2406 678 2473 Amiternum
707 2408 905 2491 Forulosque
940 2408 1043 2474 vicum
1077 2409 1209 2475 venisse.
1252 2406 1322 2472 Lir.

207 2487 272 2557 XX
353 2490 402 2555 11.

277 2572 310 2629 Vi
332 2579 436 2645 equae
456 2576 551 2631 statim
570 2578 679 2631 addidit
697 2574 776 2630 Liv.:
796 2574 896 2645 Neque
915 2574 953 2628 ibi
977 2592 1053 2629 error
1072 2583 1130 2645 est,
1153 2576 1230 2647 quod
1247 2570 1321 2629 tanti

236 2642 375 2699 ermetem
402 2644 525 2725 vestigia
544 2646 618 2700 intra
639 2653 697 2699 tam
714 2642 807 2698 brevis
831 2644 893 2697 aeri
912 2646 1072 2697 memoriam
1096 2648 1245 2717 potuerint·
1256 2655 1322 2698 eon·

238 2710 333 2777 fundi3
361 2710 416 2765 isse
438 2728 510 2767 enim
534 2730 567 2767 ea
592 2720 710 2770 constat.
754 2710 878 2766 Tantum
905 2711 934 2764 id
960 2712 1092 2781 interest,
1121 2714 1264 2768 veneriae
1288 2722 1324 2767 eo

237 2780 338 2835 itinere
357 2779 394 2833 ad
415 2780 510 2836 urbem
528 2798 564 2835 an
582 2784 618 2837 ab
637 2784 706 2837 urbe
731 2782 761 2833 in
777 2778 845 2833 Cam
867 2780 960 2835 aniam
978 2782 1098 2836 redierit.
1122 2812 1149 2825 α
1176 2782 1220 2836 De
1236 2797 1266 2836 re
1284 2780 1321 2834 ef.

235 2849 312 2917 App.
327 2845 391 2913 Vll,
406 2848 464 2902 uss
486 2867 512 2921 q.
541 2851 602 2904 Liv.
617 2852 665 2905 l.l.
687 2849 752 2903 iudo
767 2864 831 2901 s.e.
847 2853 871 2902 b.
900 2848 1124 2922 Pol.1X,4sqq.
1161 2850 1237 2921 App.
1257 2850 1321 2915 Vll,

236 2917 339 2987 33sqq.
352 2916 459 2987 ¹Zon.l
491 2919 534 2986 ,6.
560 2918 734 2990 Quacumque
752 2925 848 2970 autem
867 2934 925 2971 rem
942 2920 1149 2988 contemplatus
1164 2922 1214 2985 sis,
1228 2934 1322 2971 reram
1417 2971 1418 2974 ,

238 3001 299 3039 esse
312 2984 462 3054 apparebit
478 2988 552 3040 Livii
565 2989 740 3041 senteutiam.
767 2984 913 3039 Hannibal
926 2984 1024 3058 Capua
1056 3005 1087 3041 er
1097 2988 1203 3041 vicinae
1214 2986 1322 3041 Samnii

235 3053 366 3123 regiones
388 3053 467 3122 (Pola
491 3052 535 3104 διὰ
553 3056 725 3117 Σαυνίτιδος,
752 3054 858 3107 Allitas
880 3071 904 3109 e.
920 3072 962 3124 gr.
985 3056 1015 3108 in
1035 3005 1150 3109 gammo
1173 3057 1241 3109 sites
1260 3054 1320 3107 biv.

234 3122 444 3191 oommernorst)
468 3124 512 3177 ria
532 3124 634 3179 Latina
660 3126 738 3193 (hir.¹
760 3140 784 3176 e.
804 3122 828 3177 9.
848 3123 923 3176 Zon:
951 3119 995 3173 era
1018 3122 1070 3173 reis
1086 3126 1222 3191 Λατίνων)
1243 3130 1322 3177 recto

234 3190 334 3263 itinere
361 3190 479 3245 Romam
505 3194 650 3261 profectus
674 3198 730 3259 est,
758 3197 817 3245 tum
844 3191 954 3263 direpto
981 3192 1118 3248 Feroniae
1144 3192 1249 3263 templo
1277 3207 1322 3260 os,

232 3274 316 3328 quam
338 3256 450 3312 Coelius
472 3260 658 3330 significavit,
678 3261 723 3311 via
742 3276 772 3311 se
790 3264 904 3329 reeepit

286 3316 347 3405 bbl·
375 3325 495 3392 Multos
524 3329 608 3394 eirea
630 3348 726 3392 unam
748 3346 813 3390 rem
838 3328 974 3394 ambitus
998 3329 1143 3410 feeerim,
1173 3330 1216 3411 si,
1240 3347 1324 3409 quae

203 3410 244 3474 de
271 3410 414 3478 Mareelli
444 3419 546 3477 morte
573 3412 698 3479 variant
725 3422 887 3494 auctores,
917 3415 1025 3479 omnia
1057 3415 1188 3495 exsequi
1217 3413 1323 3478 velim.

204 3496 249 3562 Ut
278 3495 423 3559 omittam
451 3497 544 3581 alios,
576 3501 609 3565 L.
633 3497 758 3564 Coelius
788 3499 941 3583 triplieem
965 3508 1075 3583 gestae
1104 3500 1149 3563 rei
1177 3499 1321 3563 ordinem

200 3578 307 3664 edidit,
326 3600 422 3645 unam
441 3583 588 3649 traditam
607 3585 703 3663 saura,
727 3585 861 3648 alteram
883 3585 1031 3668 scriptam
1056 3584 1238 3649 laudatione
1258 3584 1324 3663 lilii,

206 3666 331 3729 tertiam
369 3685 463 3747 quam
493 3670 562 3754 ipae
598 3690 658 3755 pro
686 3669 837 3749 inquisita
867 3688 906 3733 ae
935 3670 994 3735 sibi
1022 3675 1187 3753 eomperta
1222 3669 1322 3734 aliert.

202 3749 276 3816 Liv.
299 3751 434 3837 XXVII,
457 3754 507 3821 27.

274 3834 436 3893 innomine
461 3836 602 3909 scriptoris
622 3836 702 3889 eetld.
729 3854 898 3907 magnopere
923 3836 1078 3904 fluctuant,
1102 3838 1222 3909 praebet
1247 3839 1321 3891 erliur

235 3902 397 3959 Puteaueus
408 3905 538 3973 Cloelius,
550 3905 649 3957 Medio.
667 3905 788 3972 Laelius,
799 3906 949 3975 Bamber·g.
962 3906 1087 3974 Coelius,
1106 3907 1257 3959 deteriores
1272 3914 1323 3959 aut

231 3972 261 4023 1..
276 3974 386 4026 Coelius
399 3980 447 4027 aut
459 3974 489 4027 C.
505 3974 620 4028 Laelius
635 3980 683 4025 aut
696 3974 809 4027 Laelius
821 3973 943 4029 Coelius.
970 3974 1007 4026 ltt
1022 3974 1052 4027 L.
1064 3974 1177 4043 quidem
1194 3977 1321 4028 Coelium

234 4040 415 4111 Antipatrum
434 4060 451 4099 a
472 4042 554 4095 Livio
575 4039 726 4110 significari
751 4054 865 4111 prorsus
887 4050 994 4097 eertum
1013 4049 1069 4109 est,
1093 4041 1122 4093 id
1140 4049 1250 4095 tantum
1272 4044 1324 4095 riu-

234 4108 310 4163 blum
329 4117 387 4175 est,
404 4118 496 4163 utrum
516 4118 684 4178 praenomen
704 4112 741 4163 ab
759 4126 793 4164 eo
812 4119 924 4181 praeter
941 4111 1173 4165 cousuetudinem
1194 4110 1321 4163 additum
1414 4125 1415 4128 ¹
