2867 4650
733 273 777 339 40

198 447 250 514 vel
270 444 489 512 difficillimam
511 481 553 494 -
570 443 604 509 id
625 443 767 508 maxime
789 441 951 527 agendum
970 440 1061 508 nobis
1081 443 1154 521 erit,
1174 437 1214 510 'ur
1235 464 1329 526 quae

198 534 340 618 ipsorum
364 536 506 598 veterum
529 529 569 595 de
590 549 627 596 ec
649 528 744 595 fuerit
763 530 927 612 sententia,
951 527 1128 595 videamus.
1171 531 1214 595 ut
1234 531 1327 597 hane

198 618 342 701 quidem,
376 617 463 699 quod
491 616 534 680 ad
566 614 702 680 formam
734 615 862 693 attinet,
903 614 992 680 cuius
1027 613 1089 698 ipsi
1116 616 1255 681 Romani
1289 622 1327 681 et

200 704 341 768 omnium
356 701 505 767 maxime
526 701 635 768 Cicero
658 700 923 786 praestantissimi
943 700 1064 765 iudices
1086 701 1223 766 habendi
1244 702 1324 785 sint,

196 809 257 856 uos
271 807 405 873 quoque,
427 787 488 853 nisi
501 787 582 852 forte
597 788 823 872 amplificatam
838 785 1053 868 aliquomodo
1066 793 1162 868 atque
1178 788 1322 872 explica

199 883 275 953 tam,
288 875 395 940 statim
406 892 577 955 sequamur
585 879 710 956 oportet
720 899 728 958 ;
739 870 876 956 quodad
885 872 973 956 ipsas
982 891 1033 937 res
1043 870 1322 954 Goeliiquefidem,

202 961 297 1026 etiam
320 964 462 1025 nostrum
476 958 639 1040 quoddam
651 959 743 1024 iuxta
756 955 1060 1023 veterumiudicium
1084 962 1170 1023 stare
1191 959 1320 1042 poterit.

283 1046 325 1110 Et
346 1044 482 1130 primum
506 1044 649 1129 quidem,
684 1043 771 1127 quod
792 1043 836 1108 ad
856 1043 992 1108 formam
1014 1041 1142 1124 attinet,
1176 1043 1322 1110 Coelium

201 1149 328 1214 quoque
351 1135 598 1195 consentaneum
620 1136 669 1195 est
696 1150 798 1212 aeque
820 1149 859 1195 ao
880 1129 1017 1213 reliquos
1039 1147 1149 1194 omnes
1178 1130 1323 1213 linguae,

199 1235 283 1299 quae
304 1216 357 1280 illo
380 1222 523 1299 tempore
545 1221 638 1294 esset,
660 1215 888 1281 condicioniac
908 1214 1070 1294 materiae,
1092 1220 1127 1278 ut
1138 1214 1184 1280 ita
1202 1214 1321 1295 dicam,

200 1301 373 1366 obnoxium
395 1301 508 1367 fuisse:
536 1300 589 1366 hic
610 1320 737 1384 quoque
756 1306 842 1366 totus
863 1301 923 1364 fuit
942 1300 1024 1365 inter
1049 1299 1207 1382 antiquos.
1248 1303 1321 1366 lam

200 1406 264 1452 nou
288 1386 441 1468 estquod
462 1387 522 1452 hoc
544 1387 614 1451 loco
639 1393 694 1451 aut
716 1387 758 1452 de
779 1385 876 1471 prisci
894 1385 1050 1450 sermonis
1071 1391 1203 1464 natura,
1234 1406 1322 1469 quae

201 1473 329 1538 omnino
352 1471 454 1551 fuerit,
478 1491 638 1556 exponam
660 1477 715 1538 aut
737 1471 896 1556 singulas,
922 1471 1036 1552 quibus
1060 1469 1202 1536 Coelium
1222 1492 1319 1538 usum

201 1576 270 1623 esse
292 1577 389 1640 supra
411 1556 557 1634 vidimus,
581 1558 647 1624 eius
670 1558 796 1640 generis
817 1556 992 1622 locutiones
1014 1563 1166 1640 repetam.
1208 1557 1320 1624 Facile

199 1648 316 1721 autem,
337 1661 410 1707 cum
426 1643 466 1708 ob
488 1662 577 1708 resa
596 1663 632 1708 se
653 1650 800 1708 narratas
819 1643 853 1707 in
867 1641 1211 1726 praestantissimorum
1232 1643 1320 1709 illius

198 1727 350 1812 temporis
374 1727 561 1811 scriptorum
584 1748 715 1793 numero
741 1729 918 1808 haberetur,
942 1747 1041 1812 saepe
1061 1728 1102 1793 ob
1122 1729 1229 1813 prisca
1247 1737 1319 1794 tan-

197 1812 362 1878 tummodo
385 1819 416 1876 et
439 1813 582 1878 obsoleta
603 1814 762 1879 vocabula
783 1833 856 1878 eum
879 1834 900 1877 a
927 1812 1155 1897 posterioribus
1185 1813 1319 1899 scripto-

126 1966 128 1969 .
197 1898 283 1964 ribus
304 1897 470 1962 laudatum
493 1918 563 1964 esse
582 1899 789 1984 conspicitur3
813 1937 855 1950 -
876 1906 909 1964 et
927 1900 981 1979 sic,
1004 1898 1032 1965 si
1043 1899 1178 1965 Charisii
1200 1898 1317 1978 locum,

199 1984 253 2064 qui
276 1991 324 2048 est
343 1982 365 2048 Ι.
384 1985 408 2048 Ι.
430 2005 484 2068 pg.
509 1983 624 2053 115.P.
646 1984 893 2065 consideramus,
915 1985 1035 2050 Paulus
1056 1985 1187 2067 quidam
1210 2006 1317 2068 gram-

199 2068 333 2134 maticus
369 2107 410 2116 -
442 2069 597 2136 Hadriani
618 2071 755 2136 fortasse
782 2069 979 2154 temporibus
989 2069 1015 2154 1)
1052 2109 1094 2119 -
1129 2072 1181 2135 vel
1202 2070 1316 2136 librum

199 2155 423 2238 conscripsisse
444 2155 584 2234 videtur,
614 2175 676 2238 quo
700 2156 807 2240 prisca
830 2155 929 2221 Coelii
950 2157 1108 2222 vocabula
1129 2156 1318 2222 locutiones-

202 2258 264 2325 que
284 2239 458 2325 explicaret
480 2241 527 2331 (id
544 2242 631 2325 quod
649 2241 745 2306 etiam
764 2241 798 2306 in
818 2242 1028 2307 recentiorum
1049 2241 1137 2308 libris
1158 2241 1319 2308 nonnullis

199 2326 352 2411 scriptum
374 2325 555 2409 inveneris).
600 2328 696 2476 Apud
716 2328 853 2393 eundem
877 2328 1056 2393 charisium
1087 2335 1211 2409 tamen,
1244 2348 1317 2393 cum

202 2432 228 2477 o.
249 2413 275 2491 Ι,
297 2432 351 2495 pg.
374 2414 432 2475 101
458 2414 494 2477 P.
517 2449 560 2461 -
581 2412 613 2477 in
645 2433 701 2477 oco
725 2414 871 2495 quamvis
892 2421 1056 2497 corrupto,
1079 2414 1120 2479 de
1142 2434 1204 2496 quo
1225 2434 1318 2498 prae-

200 2503 288 2563 terea
310 2497 387 2561 certi
411 2497 584 2579 quidquam
606 2505 745 2563 statuere
766 2520 830 2564 non
851 2500 953 2565 ausim
975 2537 1017 2547 ω-
1038 2500 1137 2584 ipsius
1159 2500 1260 2580 Pauli,
1283 2508 1319 2566 ut

201 2582 341 2660 videtur,
372 2583 476 2648 verbis
499 2582 579 2647 baec
601 2584 766 2667 proposita
790 2584 866 2650 sint:
900 2584 1015 2666 „idque
1043 2586 1076 2650 in
1104 2586 1194 2652 Oceli
1220 2586 1317 2650 histo-

200 2666 249 2731 ria
270 2666 349 2731 libro
372 2668 387 2731 l
409 2718 465 2733 ...
488 2688 540 2733 ere
562 2669 804 2752 repr·ebendes“,
824 2670 871 2734 ita
888 2670 965 2734 ntis
980 2688 1044 2735 non
1060 2671 1103 2735 ad
1123 2691 1204 2755 opus
1219 2671 1317 2753 quod-

201 2752 275 2817 dam
299 2771 401 2830 suum,
423 2753 473 2817 cui
493 2753 715 2820 inscriberetur
739 2754 860 2834 „Coelii
882 2754 1041 2834 historia“‚
1069 2756 1128 2822 sed
1149 2757 1193 2822 ad
1213 2756 1317 2840 ipsum

205 2836 304 2901 Ocelii
326 2856 406 2921 opus
427 2839 588 2923 relegasse
609 2840 763 2919 videatur,
783 2860 842 2904 nec
862 2841 963 2905 altero
977 2842 1010 2905 in
1029 2842 1108 2922 loco,
1130 2844 1169 2924 ΙΙ,
1181 2863 1234 2927 pg.
1246 2843 1316 2927 193,

202 2921 256 2986 ille
275 2922 366 3004 quasi
389 2922 496 2989 titulus
513 2924 640 2989 additus
662 2925 711 3006 sit,
734 2925 791 2991 sed
811 2926 882 3009 ipsa
904 2926 972 2991 eius
987 2928 1094 3007 verba,
1114 2928 1227 3010 quibus
1238 2927 1317 2991 Coe·
1349 2936 1356 2941 “

201 3007 235 3071 lii
256 3006 446 3072 locutionem
469 3010 648 3091 quandam,
661 3029 734 3092 qua
754 3012 782 3075 is
804 3031 881 3077 usus
900 3019 985 3077 esset
1005 3012 1076 3078 bist.
1097 3013 1238 3095 libro·1.,
1262 3033 1316 3077 ex-

106 3147 108 3151 .
200 3092 347 3177 plicaret,
369 3094 558 3169 offerentum
589 3096 725 3177 denique
747 3118 819 3163 curn
841 3118 867 3167 c.
892 3102 944 3179 ΙΙ,
965 3118 1018 3181 pg.
1042 3100 1112 3164 214.
1136 3098 1317 3183 simpliciter·

202 3178 338 3255 Paulus,
369 3184 478 3263 utpote
501 3180 555 3261 qui
576 3180 698 3246 Afranii
721 3182 884 3264 quoddam
903 3183 1092 3247 vocabulum
1117 3184 1315 3267 explicasset,

200 3263 361 3327 laudetur:
384 3264 488 3346 potior
508 3266 596 3349 apud
612 3285 664 3331 me
674 3267 804 3332 Krausii
826 3269 893 3355 (pg.
910 3269 983 3350 189)
1005 3270 1163 3333 sententia
1184 3270 1313 3350 estqui

201 3348 329 3431 quidem
351 3369 416 3412 non
435 3351 707 3435 commentarium,-
728 3359 763 3417 ut
783 3352 830 3416 ita
845 3352 958 3430 dicam,
981 3354 1013 3417 in
1027 3355 1126 3419 Coelii
1149 3374 1238 3439 opus,
1258 3356 1314 3419 sed

201 3434 328 3498 omnino
348 3432 462 3499 librum
484 3436 654 3517 quendem,
677 3455 740 3518 quo
764 3438 804 3502 de
823 3438 935 3523 priscis
947 3440 1110 3504 vocabulis
1132 3439 1313 3523 disputaret,

198 3518 288 3582 illum
309 3520 525 3603 composuisse
543 3525 706 3605 statuerit,
728 3523 851 3589 etiamsi
874 3523 955 3588 forte
972 3523 1071 3589 Coelii
1090 3525 1313 3609 posterioribus
1386 3589 1393 3609 ,

198 3603 391 3686 temporibus
413 3612 540 3687 praeter
566 3614 687 3673 ceteros
717 3608 849 3674 celebris
870 3609 998 3691 saepius
1028 3610 1157 3692 reliquis
1183 3610 1311 3675 mentio-

198 3708 271 3753 nem
292 3689 426 3773 laceret3
449 3726 492 3739 -—
513 3692 559 3757 ita
580 3701 614 3758 ut
634 3714 748 3777 parum
774 3702 921 3759 accurate
942 3696 1162 3760 tantummodo
1183 3695 1311 3775 Charis,

199 3792 281 3854 qnae
303 3794 328 3840 e.
352 3774 377 3839 Ι.
400 3795 456 3859 pg.
480 3779 547 3843 115.
571 3779 734 3861 leguntur,
772 3778 887 3843 dixerit
916 3800 974 3862 pro
1004 3800 1042 3844 eo
1072 3782 1158 3863 quod
1188 3781 1312 3865 proprie

199 3857 366 3923 dicendum
388 3868 475 3929 erat:
505 3864 774 3947 „Saguntinorum
792 3864 928 3928 formam
949 3886 970 3929 a
988 3864 1098 3931 Coelio
1119 3866 1152 3931 in
1169 3866 1309 3932 historia·

214 4127 220 4139 Ι
272 4060 294 4130 ¹)
317 4061 447 4142 Namque
464 4068 496 4143 ut
521 4064 625 4145 deboc
643 4066 761 4146 maxime
779 4071 902 4147 tempore
919 4069 1084 4150 cogitemus,
1116 4070 1211 4123 statim
1228 4070 1308 4123 addu-

197 4143 292 4198 camur,
302 4146 326 4183 sr
336 4146 448 4185 ommno
453 4148 511 4186 erus
518 4132 610 4187 studra
624 4138 653 4189 et
660 4134 797 4189 Hadrranr
808 4134 945 4191 deOcelio
957 4136 1089 4192 rudrciurn
1100 4138 1307 4193 consideramus.
