2867 4650
241 387 439 472 mamers
460 390 588 475 proeliis
609 390 791 456 interfectos
807 410 873 456 uon
889 409 1002 456 curres
1021 393 1167 456 maeres
1187 395 1276 475 rust,
1302 409 1360 454 ve-

239 475 300 556 riti,
323 475 426 562 credo,
449 495 490 542 ne
511 477 634 541 talleret
656 476 703 542 bis
725 477 827 540 relata
846 477 959 542 eadem
979 496 1037 541 res.
1073 474 1201 542 Ocelim
1223 475 1360 557 quidem

239 569 271 628 et
283 561 427 633 Valerius
450 563 547 632 etiam
568 571 696 648 captum
709 563 898 630 Hannonem
916 561 1054 629 tradunt.
1089 560 1157 627 Liv.
1168 559 1359 642 mas.

307 647 435 703 Alterum
452 649 589 718 proelium
612 649 729 704 aLivio
754 654 885 703 narratur.
902 664 926 701 c,
946 647 988 700 29.
1031 645 1146 702 Coelius
1165 646 1251 715 igitur
1268 664 1361 704 unum

271 715 381 770 tantum
399 717 534 784 proelium
560 723 588 772 et
610 734 695 770 unum
714 717 880 773 Hannonem
903 733 1021 785 eumque
1046 721 1360 794 ‚captummesnorarat

272 812 306 862 ᾗ
324 787 482 853 (perperam
501 786 574 864 enim
591 783 685 838 Groen
704 803 729 838 v.
748 785 794 864 Er.
810 803 858 855 pg.
879 783 925 837 66:
948 800 1020 864 quae
1044 791 1087 837 ita
1103 783 1270 852 explicanda
1290 785 1360 838 mihi

275 850 418 931 videntur,
438 852 600 932 utccelrns
625 862 654 908 et
671 851 802 908 Valerius
820 855 937 932 duorum
963 853 1076 923 quidem
1093 851 1267 910 Quocum
1281 869 1359 909 men·

273 926 380 1056 lilii?
393 919 735 1059 {iiiiittiilr‘liiiuff
746 919 1360 1059 siusili?stlitltrpirtt⁰d1l;

276 1005 315 1108 li.
334 1055 400 1135 Zeu.
420 1057 470 1177 ltX,
471 1059 547 1180 ῖέἳά
557 1059 586 1110 in
604 1056 656 1112 hoc
675 1075 785 1180 qupque
804 1058 928 1180 Silenpm
944 1059 1005 1112 sine
1023 1058 1109 1112 dubio
1127 1057 1176 1112 vel
1191 1059 1281 1115 altum
1297 1059 1359 1113 eins

273 1140 393 1193 generis,
411 1142 429 1179 u
460 1144 469 1178 r
540 1143 620 1193 ream,
638 1144 801 1194 scriperem
819 1143 887 1180 secu
901 1145 941 1181 os.

321 1206 378 1292 58)
416 1210 524 1293 Nepos
554 1207 719 1276 Cornelius
751 1217 861 1277 auctor
888 1219 951 1290 est,
990 1209 1160 1275 Eudoxum
1193 1207 1357 1290 quendam

238 1311 298 1358 sua
333 1301 457 1377 aetate,
493 1315 564 1360 cum
592 1297 768 1362 Lathurum
797 1316 906 1380 regem
940 1297 1079 1382 fugeret,
1110 1295 1248 1360 Arabico
1281 1293 1357 1358 sinn

238 1397 402 1461 egressum
426 1380 535 1446 Gades
556 1400 656 1463 usqne
677 1390 876 1468 pervectum,
898 1383 1060 1464 multoque
1082 1389 1157 1446 ante
1176 1379 1355 1448 eumiloe

238 1464 299 1528 lius
323 1467 489 1549 Antipater
510 1468 629 1533 vidisse
650 1489 694 1550 se,
716 1470 771 1550 qui
792 1469 979 1552 navigasset
1000 1488 1041 1534 ex
1064 1466 1220 1550 Hispania
1239 1464 1274 1530 in
1288 1467 1355 1529 Ae·

237 1549 390 1633 thiopiam
404 1553 584 1616 commercii
603 1554 715 1636 gratia.
752 1553 831 1620 Plin.
844 1554 875 1617 lr.
890 1576 919 1618 n.
940 1559 982 1638 11,
999 1555 1049 1636 67,
1066 1554 1136 1616 169.
1159 1551 1223 1640 (ed.
1234 1549 1352 1634 Siliig).

309 1637 430 1688 Plinium
461 1639 605 1704 exscripsit
629 1639 760 1691 Mart-ian.
798 1639 866 1708 Cap.
885 1637 939 1705 VI,
962 1636 1183 1709 pg.201(}r0t:
1207 1636 1357 1691 Cornelius

274 1710 372 1758 auctor
400 1702 528 1757 adfirmat
558 1707 698 1774 quendam
733 1707 878 1760 Eudoxum
901 1707 1056 1778 fugientem
1083 1706 1158 1776 regis
1183 1703 1301 1758 insidias
1322 1722 1356 1759 ex

275 1773 397 1826 Arabico
417 1775 479 1826 sinu
497 1774 527 1826 in
539 1771 681 1828 Gaditana
698 1779 860 1844 pervenisse
878 1776 996 1846 refugia.
1027 1774 1140 1830 Coelius
1153 1774 1222 1828 Anti
1242 1782 1307 1828 ater
1324 1790 1357 1827 se

273 1838 413 1896 hominem
432 1841 534 1896 vidisse
553 1839 707 1912 confirmat,
726 1844 775 1915 qui
795 1845 996 1914 negotiationis
1013 1845 1113 1901 ardore
1131 1843 1161 1897 in
1173 1842 1217 1896 Ae
1251 1842 1359 1912 'opiam

274 1924 308 1960 ex
326 1909 464 1978 Hispania
486 1912 654 1979 travigasset.
685 1912 741 1980 (ed.
762 1911 974 1982 Eyssenhardt).
994 1946 1023 1953 ἡ
1052 1913 1082 1966 Si
1100 1927 1193 1966 varum
1214 1910 1358 1980 estquod

276 1992 359 2045 supra
382 1995 429 2054 pg.
448 1979 490 2032 23.
521 1980 650 2048 exposui,
677 1980 802 2034 Coelium
825 1981 907 2034 huius
929 1985 968 2034 rei
995 1981 1025 2034 in
1048 1979 1233 2034 describenda
1256 1979 1358 2032 Africa

274 2048 440 2099 mentionem
459 2048 579 2116 fecisse,
605 2049 659 2100 boc
684 2051 717 2102 fr.
736 2050 921 2118 probabiliter
939 2049 976 2102 ad
993 2050 1104 2102 initium
1122 2048 1141 2101 l.
1160 2047 1207 2101 Vl.
1226 2047 1358 2115 refertur,

274 2113 452 2183 quiquidem
471 2115 548 2168 loeus
567 2123 680 2184 praeter
699 2128 807 2171 eeteros
826 2123 910 2186 aptus
922 2119 984 2185 fuit,
1003 2136 1067 2188 quo,
1086 2121 1237 2186 antequam
1249 2115 1358 2168 bellum
1421 2134 1422 2137 ¹

274 2199 291 2234 a
314 2181 446 2251 Scipione
468 2185 523 2236 iam
542 2184 570 2236 in
588 2187 678 2253 ipsam
698 2185 825 2237 Africam
848 2187 1014 2240 translatum
1032 2185 1219 2252 describeret,
1241 2184 1275 2236 de
1292 2183 1358 2237 eius
1421 2192 1422 2251 t

274 2254 366 2307 terrae
384 2253 440 2304 situ
458 2269 491 2305 ac
508 2258 609 2320 patrna
627 2261 787 2323 exponeret
1421 2270 1422 2293 ³

327 2319 383 2405 59)
416 2321 517 2404 Alpes
539 2321 572 2385 in
599 2321 832 2405 longitudinem
856 2326 991 2388 centena
1012 2319 1101 2385 milia
1119 2340 1274 2405 passuum
1295 2341 1356 2405 pas
1421 2296 1422 2299 Ἴ

238 2408 306 2470 tere
336 2425 357 2469 a
384 2425 499 2521 supero
527 2407 609 2473 mari
634 2409 678 2473 ad
704 2408 840 2475 infermn
866 2406 993 2475 coenus
1023 2406 1129 2478 tradit
1168 2408 1249 2501 lfrin.
1268 2407 1298 2474 lr.
1320 2428 1354 2477 n.

238 2490 372 2631 IlI’sirie'
393 2494 479 2631 <iride
496 2544 544 2631 lib.
556 2577 578 2631 I.
597 2577 650 2634 hoc
667 2579 774 2656 factum
793 2587 851 2646 est,
872 2579 921 2633 nbi
939 2576 1106 2631 Hannibalis
1125 2593 1176 2647 per
1192 2574 1286 2647 Alpes.
1301 2574 1357 2631 iter

271 2652 535 2795 nariiiiit'floelius
561 2715 648 2799 apud
669 2734 728 2779 nos
756 2713 790 2777 in
810 2714 939 2778 Averno
967 2713 1012 2777 ait
1031 2712 1127 2777 etiam
1153 2710 1230 2777 folia
1251 2708 1352 2775 subsi-

239 2792 323 2879 dure,
333 2796 433 2863 Varro
442 2818 518 2865 aves
527 2818 610 2881 quae
621 2798 955 2868 advolaverintemori.
966 2798 1047 2864 Plin.
1056 2798 1086 2863 h.
1095 2819 1124 2863 n.
1132 2797 1254 2880 XXXI,
1263 2799 1294 2877 2,
1305 2797 1355 2861 18.

305 2880 385 2935 Haec
403 2885 488 2937 verba
505 2903 664 2957 quanquam
679 2887 715 2939 ab
732 2886 863 2938 historiae
884 2886 1020 2955 scriptore
1037 2884 1242 2953 quodammodo
1261 2884 1358 2935 ahena

272 2964 335 3005 esse
347 2952 584 3019 vicentinensem
598 2972 660 3007 cum
673 2956 698 3007 in
712 2954 785 3012 bello
796 2953 827 3007 P.
834 2953 870 3007 II.
878 2952 1064 3007 describendo
1074 2954 1235 3010 occasiones
1247 2952 1357 3004 multae

273 3025 368 3072 essent
393 3020 443 3076 ubi
471 3024 530 3075 eius
555 3024 631 3077 lacus
660 3024 830 3077 mentionem
854 3024 948 3077 faeere
973 3022 1056 3074 licere
1109 3051 1137 3059 -
1168 3021 1205 3073 cf.
1233 3019 1355 3074 maxime

272 3082 333 3137 Liv.
352 3086 564 3157 xxrv‚.1a.-
580 3091 641 3161 quis
658 3090 717 3145 fieri
735 3094 861 3161 potuisse
879 3091 998 3159 negarit,
1016 3028 1120 3142 utiroe
1138 3104 1259 3159 quoque,
1276 3086 1355 3157 qnod

272 3163 385 3222 praeter
411 3166 504 3213 cetera
531 3161 629 3214 mirum
659 3161 816 3227 notitiaque
847 3159 962 3229 dignum
991 3156 1044 3210 sibi
1070 3157 1228 3224 rideretur,
1253 3156 1353 3226 paucis
1421 3193 1422 3200 κ

269 3226 516 3281 commemoraret?
1232 3253 1236 3260 ·

320 3292 374 3370 61)
410 3293 624 3378 Coeliuslque)
658 3292 970 3379 TroianumEapyn
998 3295 1176 3361 condidisse
1204 3295 1350 3379 Capuam
1421 3345 1422 3350 1

235 3378 374 3530 tradiiig,
399 3399 534 3463 eumque
556 3387 687 3447 Aeneae
709 3382 809 3447 fuisse
830 3380 1061 3446 consobrinum.
1096 3380 1186 3450 Serv.
1207 3380 1252 3445 ad
1269 3383 1351 3445 Aen.

235 3469 276 3549 X,
306 3550 349 3604 Cf.
366 3549 401 3603 de
419 3545 471 3601 hoc
485 3548 519 3601 fr.
538 3566 659 3620 suprap
682 3550 747 3609 .12‚
910 3586 935 3596 -.

312 3619 374 3709 nes.)
410 3616 554 3682 Subnixs
591 3567 713 3685 Persis
750 3619 1027 3687 murs....a1n
1065 3616 1232 3692 subnixam
1276 3614 1348 3679 roeo

236 3702 405 3786 accipiunt,
429 3702 504 3783 quie
523 3704 676 3789 imposita
696 3710 744 3769 est
767 3706 893 3769 excelso
915 3726 1020 3789 muro,
1045 3711 1080 3773 ut
1102 3702 1228 3770 Coelius
1251 3700 1349 3766 histo-

234 3785 316 3855 ricus
336 3788 389 3857 ait.
424 3788 512 3854 Serv.
534 3790 584 3855 ad.
604 3794 683 3860 Aen.
706 3792 856 3873 111,402.
997 3797 999 3800 ’

301 3874 396 3929 Nauia
428 3890 490 3927 cunr
520 3876 610 3928 verbis
643 3893 701 3929 non
729 3881 805 3928 reete
836 3875 987 3930 intellectis
1013 3873 1170 3942 dubitaret,
1201 3889 1268 3927 num
1294 3886 1344 3941 pro

272 3940 388 4007 „cincta
417 3942 525 4011 muro“,
554 3941 665 3996 Coelius
691 3943 812 3998 scribere
834 3944 974 4013 potuisset
1003 3943 1158 4011 „imposita
1181 3942 1282 3998 muro“
1309 3939 1345 3992 le·

266 4009 388 4077 gendum
418 4010 540 4071 coniecit
573 4012 740 4081 „tumulo“;
773 4014 849 4082 qnod
872 4028 1024 4132 (perperam
1054 4012 1162 4064 factum
1195 4011 1269 4065 ultro
1288 4024 1344 4087 W.

264 4083 356 4145 paret.
391 4074 433 4130 Re
456 4094 522 4131 vers
546 4077 631 4149 igitur
655 4080 792 4145 Peteliam
817 4110 847 4119 -
891 4098 907 4135 e
930 4097 987 4151 quo
1010 4095 1079 4150 sane
1103 4084 1251 4147 meteres
1277 4078 1343 4131 mlhl
