2867 4650
658 263 703 332 Ἠ

159 426 313 495 numum
344 429 500 500 dionysse
523 430 555 497 Q.
580 431 701 488 lisbium
724 431 878 492 Pictorem,
906 437 938 481 ut
959 428 1022 498 ipae
1044 447 1069 482 a
1089 428 1131 482 71.
1158 429 1237 496 dicit,

158 502 299 550 auctorem
315 497 426 560 habuit;
463 515 561 552 uectem
574 499 685 563 Coelius
696 531 723 539 -
740 499 821 554 cuius
833 498 946 568 quidem
958 498 1146 552 narrationem
1160 501 1238 570 apud

159 561 322 622 Ciceronem
348 583 398 621 nos
417 567 453 620 ha
475 583 521 620 ere
546 575 574 620 et
592 568 672 621 Fabii
690 568 774 622 Gellii
797 584 831 620 ne
857 565 970 620 nomina
994 571 1116 631 tautum,
1146 583 1237 636 neque

160 633 236 687 aliud
256 632 409 705 quidquam
428 653 462 688 ex
481 653 574 689 eorrrm
594 637 724 707 operibus
741 584 865 690 additum
884 650 953 700 esse,
972 634 1058 687 exeis
1072 649 1144 705 qnae
1157 629 1239 707 §.bd

160 701 255 756 statim
274 710 428 824 respuuntur
448 704 541 758 verbis
560 715 679 774 apparet
700 707 819 758 -adeo
837 702 988 769 consentit,
1005 709 1038 784 ut
1053 703 1172 784 eundem
1184 702 1245 756 fea·

158 780 215 826 tem
235 787 298 824 eum
329 772 452 840 ahuisse,
470 773 498 826 id
518 773 591 842 quod
610 773 732 828 fortasse
749 774 834 828 etiam
853 787 950 842 perse
970 768 1140 826 eCrceroms
1154 773 1246 826 vertas

158 837 252 910 colligi
270 846 395 910 poterat,
423 859 537 912 prorsus
561 849 667 908 certum
688 844 733 896 sit.
772 841 885 910 Livius,
914 839 963 910 qni
990 838 1020 900 in
1043 839 1185 896 nonnullis
1208 839 1245 894 ab

158 907 198 961 cis
217 908 342 977 recedit,
361 911 514 963 antatium
536 911 676 980 quendam
696 910 839 965 annalium
856 908 1020 978 scriptorem
1044 939 1062 945 -
1090 925 1182 978 neque
1204 914 1245 961 ta-

159 993 221 1030 men
243 976 293 1030 Cn.
311 975 435 1032 Gellium
458 995 541 1049 quem
571 982 682 1034 omnino
711 980 748 1034 ad
772 995 843 1048 opus
861 993 941 1031 snum
961 974 1165 1030 conficiendum
1188 993 1245 1030 nou

160 1043 290 1100 adhibuit
313 1079 335 1088 ·-
360 1053 427 1115 aut,
445 1047 519 1119 quod
538 1047 574 1101 ad
594 1049 741 1102 vastarem
758 1047 874 1118 propius
892 1045 1025 1099 accedere
1043 1045 1161 1113 videtur,
1178 1061 1246 1099 eun·

109 1143 114 1154 ›
159 1114 223 1168 dem
244 1113 371 1184 Fabium,
389 1117 437 1170 sed
458 1116 492 1170 de
517 1133 591 1170 mere
610 1135 660 1172 suo
679 1118 770 1172 minus
788 1122 919 1173 accurate
938 1120 1051 1168 secutus
1070 1122 1112 1168 est
1132 1131 1245 1184 remque

160 1181 294 1238 rhetorice
312 1185 470 1252 exornavit3
489 1184 563 1256 quod
581 1185 655 1238 idem
673 1185 742 1240 fecit-
752 1184 931 1252 Plutarchus,
950 1181 1006 1236 sire
1024 1181 1061 1236 ab
1079 1183 1139 1254 ipen
1153 1183 1243 1239 Fabio

160 1250 217 1304 sive
237 1266 254 1302 a
273 1249 410 1321 Dionysio
428 1253 536 1306 demum
555 1271 606 1306 sue
620 1255 802 1326 deprompsit.

207 1335 260 1410 45)
295 1336 328 1400 G.
354 1355 430 1399 vero
454 1335 616 1402 Gracchus
646 1337 871 1421 mulcedine,
907 1341 943 1400 ut
974 1333 1125 1418 scriptum
1154 1331 1241 1416 apud

122 1418 257 1485 eundem
280 1417 422 1484 Coelium
446 1427 509 1498 est,
545 1420 604 1486 sihi
624 1421 657 1486 in
679 1423 798 1488 somnis
825 1429 1030 1504 quaesturam
1052 1418 1171 1504 petenti
1192 1418 1240 1499 Ti.

122 1503 253 1567 t'ratrem
277 1505 377 1570 visure
399 1526 469 1570 esse
499 1505 617 1570 dicere:
649 1527 746 1588 quam
767 1507 862 1574 vellet
884 1511 1097 1590 cunctaretur,
1128 1509 1238 1579 tamen

121 1587 234 1654 eodem
257 1589 316 1654 sibi
343 1590 421 1668 loto,
454 1609 516 1674 quo
540 1591 550 1654 i
573 1611 607 1656 se
630 1591 805 1675 interisset,
828 1614 898 1660 esse
918 1591 1125 1678 pereundum.
1169 1588 1239 1686 liet

120 1678 291 1756 antequam
321 1675 391 1740 trib.
423 1676 508 1760 plebi
555 1726 564 1744 .
584 1677 749 1745 Gracchus
768 1679 871 1746 tactus
894 1685 980 1744 esset
1001 1684 1033 1742 et
1054 1698 1088 1743 se
1112 1673 1240 1753 aeduae

120 1757 227 1823 scribit
247 1759 376 1828 Coelius
400 1767 431 1826 et
452 1761 572 1833 dixisse
594 1763 708 1834 multis.
754 1764 815 1831 Cio.
828 1765 877 1831 'de
897 1764 960 1831 div.
982 1767 1008 1844 1,
1030 1765 1081 1841 26,
1103 1764 1154 1828 bd.

195 1859 238 1914 Cf.
258 1861 351 1917 Valer.
372 1863 446 1916 hlax.
464 1863 486 1934 l,
507 1863 530 1917 7.
549 1867 596 1936 qui
615 1867 727 1938 quidem
749 1876 847 1938 aperte
866 1865 1032 1920 Ciceronem
1049 1865 1168 1932 demum,
1188 1880 1242 1937 non

162 1929 301 1997 Coelium,
330 1929 438 1986 fontem
464 1930 579 1986 hebuit:
612 1931 664 2000 ‚,C.
690 1941 785 1987 autem
808 1933 938 1990 Graccho
967 1934 1137 1988 imminentis
1159 1947 1242 1990 case·

161 2000 297 2054 atrocitas
315 1999 409 2068 palam
430 2005 516 2070 atque
534 2008 630 2069 aperte
652 2019 701 2070 per
740 2004 844 2056 uictam
868 2003 1036 2057 denuntiata
1053 2009 1104 2058 est.
1140 2002 1243 2059 Somno

160 2067 234 2122 euim
253 2084 365 2138 pressus
384 2068 429 2122 Ti.
450 2068 571 2124 Gracchi
591 2070 687 2132 fratris
704 2019 830 2139 eifigiem
849 2071 920 2125 vidit
935 2072 1055 2126 dicentis
1074 2072 1143 2138 sihi,
1165 2073 1244 2128 nulla

161 2135 268 2193 ratione
290 2153 353 2190 eum
371 2137 462 2195 vitare
480 2153 578 2206 posse,
603 2145 634 2192 ut
652 2138 750 2192 eodem
768 2139 828 2192 tato
848 2158 903 2194 non
920 2139 1026 2208 periret
1046 2156 1101 2208 quo
1120 2139 1181 2209 ipse
1199 2157 1244 2196 oc·

163 2203 287 2271 cidisset.
324 2205 355 2258 ld
377 2222 412 2262 ex
432 2203 571 2274 Graccho,
587 2205 663 2276 prius
685 2223 749 2261 uam
767 2207 950 2275 tribunatum,
971 2207 999 2262 iu
1018 2225 1073 2277 quo
1091 2207 1243 2265 fraternum

162 2274 267 2337 exitum
285 2272 394 2342 habuit,
413 2273 504 2345 iniret,
525 2273 604 2332 multi
627 2223 803 2333 assiliverunt.
840 2273 955 2333 Coelius
975 2277 1060 2334 ctiam
1082 2283 1175 2338 certas
1188 2276 1244 2335 Bo·

163 2358 263 2400 marrae
280 2341 413 2399 historiae
433 2350 532 2409 auctor
551 2361 704 2399 sermonem
720 2346 804 2399 deca
820 2363 850 2399 re
863 2345 899 2405 ad
915 2362 980 2399 suas
994 2362 1075 2401 aures
1090 2341 1139 2399 ille
1150 2347 1242 2400 adbuc

163 2410 224 2465 vivo
241 2410 401 2481 pervenisse
416 2412 538 2468 ec1·ibit.“
564 2410 734 2470 Plutarchus
749 2411 778 2469 G.
793 2412 913 2469 Gracch.
927 2414 951 2469 l.
967 2413 1086 2468 eandem
1097 2413 1241 2483 proferens

163 2478 325 2533 Ciceronem
344 2486 487 2535 auctorem
504 2498 583 2538 sirum
603 2482 688 2537 etiam
706 2482 811 2537 diserte
829 2484 961 2537 nominat.
980 2514 1003 2523 -
1024 2481 1129 2537 Facere
1146 2489 1241 2547 autem

161 2564 217 2602 non
237 2564 351 2617 possum
370 2564 434 2606 cum
453 2546 579 2618 Klotzio,
602 2551 650 2621 qui
673 2550 700 2607 iu
720 2552 778 2607 Cic.
796 2550 838 2605 ed.
864 2567 915 2604 sua
938 2559 1054 2632 propter
1077 2552 1180 2621 ipsam,
1212 2556 1242 2605 ut

163 2615 203 2672 sit
222 2617 387 2671 senteutiam
402 2618 544 2687 scripserit
556 2624 753 2689 „quaesturam
767 2637 823 2676 nou
857 2620 977 2681 etentr“;
1015 2619 1072 2673 nod
1085 2636 1154 2675 sans
1167 2619 1242 2675 Plnt

162 2683 178 2746 l.
204 2656 221 2737 l
249 2684 455 2764 quedammodo
483 2684 641 2743 confirmari
673 2688 791 2741 videtur.
833 2638 889 2743 hed
921 2688 980 2743 iure
1031 2695 1099 2743 anta
1127 2706 1174 2758 pg.
1192 2688 1242 2744 bh:

163 2750 210 2821 „E
228 2750 372 2822 Cicerone,
392 2754 489 2825 inquit,
507 2754 593 2807 refert
606 2751 776 2811 Plutarchus
789 2757 933 2827 additque,
951 2757 977 2811 ei
994 2756 1044 2879 pc.
1058 2756 1088 2811 C.
1102 2756 1244 2826 Graccho)

163 2838 274 2877 omnem
299 2820 436 2878 bonorum
469 2822 650 2879 ambitionem
677 2824 797 2894 fugienti
827 2824 964 2880 somnium
991 2824 1061 2879 ilud
1089 2824 1243 2883 obvenisse.

165 2884 244 2943 Unde
271 2889 333 2945 colli
356 2890 413 2945 itur
442 2890 527 2948 verba
556 2898 760 2972 „quaesturam
780 2892 910 2963 petenti⁴‘
933 2892 1076 2963 iungenda
1097 2909 1158 2952 esse
1180 2910 1243 2947 cum

165 2908 399 3013 antecedentlhus
417 2960 468 3025 „in
487 2958 625 3026 somu1s“,
646 2967 677 3015 ut
697 2960 752 3015 hoc
770 2978 883 3033 qnoque
899 2961 1089 3027 somniaverit,
1110 2979 1140 3017 so
1158 2978 1240 3033 quae

160 3032 265 3084 sturam
276 3030 415 3147 pete1·c“;
437 3057 464 3065 -—
485 3028 571 3089 etsie
591 3028 684 3083 omnia
702 3029 774 3098 benc
793 3028 956 3099 precedunt.
991 3028 1131 3095 Quaestor
1148 3037 1241 3092 autem

160 3090 190 3147 C.
210 3093 257 3151 Gr.
290 3094 330 3152 uit
346 3094 382 3154 ab
400 3112 425 3150 a.
445 3094 503 3152 628.
523 3096 559 3151 ad
573 3095 633 3151 631.
651 3127 680 3135 -
700 3096 831 3153 Ceterum
848 3098 924 3169 quod
942 3096 991 3151 leti
1013 3096 1152 3153 vocabulo
1172 3096 1241 3154 coe·

159 3160 213 3215 lius
236 3180 300 3217 usus
319 3170 375 3229 eet,
403 3164 528 3235 pertinet
550 3164 587 3219 ad
605 3181 667 3222 eam
684 3166 771 3235 prisci
789 3165 924 3222 sermonis
944 3165 1159 3236 proprietatem,
1184 3184 1239 3238 qua

158 3232 333 3301 promiscue,
363 3248 435 3301 quae
459 3249 545 3289 aures
568 3239 663 3291 aetate
681 3252 796 3304 prorsus
819 3235 946 3290 seiuncta
965 3241 1074 3302 essent,
1101 3235 1194 3304 poesis
1213 3242 1242 3289 et

159 3316 259 3421 prosae
282 3300 414 3355 orationis
439 3300 576 3359 vocabula
598 3309 816 3371 usurpantium
839 3304 918 3358 cuius
943 3302 1131 3372 praeterhac
1155 3304 1240 3365 etiam

170 3367 381 3426 uculentissima
401 3370 529 3440 exempla
551 3368 720 3427 haberemus
743 3388 792 3437 ea,
820 3388 893 3442 quae
911 3370 1045 3441 leguntur
1067 3389 1112 3441 ap.
1130 3368 1187 3430 cie.
1207 3372 1242 3428 de

159 3450 198 3498 er.
217 3432 270 3503 ΙΙΙ,
287 3436 335 3504 38,
365 3436 422 3498 153.
449 3438 503 3493 nisi
526 3455 543 3495 a
568 3436 664 3495 Coelio
683 3438 837 3509 Antipatro
864 3440 936 3498 haec
958 3441 1056 3509 utique
1080 3440 1242 3512 abroganda

160 3508 269 3571 essent3
289 3502 324 3557 de
342 3522 398 3575 qua
416 3522 445 3566 re
465 3506 539 3562 infra
555 3507 750 3577 exponendum
769 3508 836 3564 mihi
853 3508 913 3565 erit

206 3587 248 3652 46
261 3588 304 3669 Α)
335 3586 436 3669 Quid,
463 3591 545 3657 bello
570 3592 690 3657 Punico
711 3594 852 3658 secundo
880 3612 987 3658 nenne
1007 3592 1041 3658 e.
1062 3592 1240 3660 Flaminius

123 3673 234 3737 consul
263 3672 377 3738 iterum
406 3676 548 3759 neglexit
570 3675 663 3761 signa
688 3698 794 3742 rerum
823 3680 999 3743 futurarum
1027 3698 1242 3759 magnacum

123 3756 213 3823 clade
234 3756 449 3843 reipublicae?
495 3760 558 3841 Qui
580 3762 721 3830 exercitu
740 3763 874 3833 lustrato
900 3782 971 3832 cunr
993 3762 1153 3829 Arretium
1172 3785 1240 3831 ver-

124 3863 178 3909 sus
201 3850 307 3911 castra
333 3844 484 3911 movisset
510 3856 542 3913 et
560 3854 671 3916 contra
692 3849 906 3919 Hannibalem
932 3848 1076 3932 legiones
1102 3848 1240 3928 duceret,

123 3927 242 4012 etipse
262 3937 293 3995 et
314 3948 414 4011 equus
440 3930 507 3998 eius
530 3938 604 3997 ante
628 3933 756 4015 signum
779 3934 871 4001 ,lovis
893 3932 1029 3999 Statoris
1050 3933 1119 3999 sine
1141 3953 1239 3998 cansa

121 4019 254 4095 repente
272 4014 417 4092 concidit.
440 4035 500 4083 nso
522 4036 676 4087 eamcam
699 4018 811 4085 babuit
825 4019 980 4102 religioni,
1003 4018 1125 4084 otnero
1136 4019 1238 4109 signo,

121 4102 159 4175 st
186 4099 295 4184 nands
323 4100 508 4179 videamur.
536 4120 580 4170 ne
605 4103 818 4178 committeret
843 4104 1021 4190 proelium·
1050 4103 1143 4179 Idem
1164 4121 1237 4174 cam
