2867 4650
741 263 786 330 30

208 435 347 520 tripudio
365 435 589 520 auspicaretur,
610 433 765 516 pullarius
787 433 871 498 diem
890 433 1002 517 proelii
1027 431 1244 498 committendi
1263 426 1326 495 dit-

207 522 337 586 screbat.
381 521 463 586 'l'uin
487 519 662 584 Flaminius
687 539 727 582 ex
750 539 787 584 eo
811 519 984 601 quaesivit,
1010 519 1038 584 si
1058 541 1098 584 ne
1118 523 1231 602 postca
1253 517 1326 598 qui-

209 607 282 672 dem
305 605 384 690 pulli
405 613 620 689 pascerentur,
638 606 714 683 quid
736 605 916 671 faciendum
939 612 1031 670 esset.
1062 607 1143 671 Cum
1164 603 1216 666 ille
1235 602 1325 682 qnie-

212 691 365 757 soendum
386 691 618 776 respondisset,
647 691 840 756 Flaminius:
870 690 1043 755 Praeclara
1069 711 1146 754 vero
1173 688 1327 770 auspicia,

208 778 235 842 si
264 777 472 844 esurientibus
494 775 587 860 pullis
618 795 668 840 res
688 776 756 858 geri
778 777 909 860 poterit,
938 775 1053 839 saturis
1080 775 1159 840 nibil
1182 781 1326 858 geretur3

210 863 318 944 itaque
339 861 433 944 signa
455 859 590 926 convelli
618 867 650 924 et
672 881 706 928 se
728 863 818 944 sequi
837 861 935 930 iussit
979 859 1051 938 Quo
1078 869 1143 926 tem
1187 878 1221 924 re
1250 877 1325 923 oum

207 947 336 1029 signiter
360 947 452 1030 primi
480 947 596 1011 hastati
620 947 746 1027 signum
770 968 833 1013 nori
862 954 972 1030 posset
993 967 1122 1012 movere
1156 966 1230 1026 ooo,
1263 964 1323 1008 neo

204 1033 380 1114 quidquam
401 1034 604 1116 proficeretur
628 1032 735 1114 plures
753 1053 826 1096 cum
848 1033 1051 1111 assederant,
1077 1030 1253 1097 Flaminius
1273 1050 1324 1092 re-

207 1118 353 1182 nuntiata
389 1139 446 1184 etio
473 1138 562 1181 more
589 1118 739 1200 neglexit.
784 1123 897 1199 Itaque
930 1117 1029 1183 tribus
1061 1119 1146 1181 boiis
1177 1114 1323 1181 concisus

206 1203 363 1268 exercitus
392 1211 486 1283 atque
510 1203 579 1287 ipse
604 1202 789 1268 interfectus
817 1209 873 1268 est.
917 1203 1070 1285 blagnum
1104 1201 1183 1268 illud
1213 1201 1322 1278 etiam,

205 1289 293 1370 quod
314 1289 436 1352 addidit
450 1288 586 1364 Coelius,
610 1307 647 1350 eo
668 1295 811 1372 tempore
833 1289 913 1372 ipso,
935 1289 1080 1354 oumbco
1098 1286 1322 1352 calamitosum

205 1373 292 1440 lieret
323 1375 497 1457 proelium,
534 1379 640 1438 tantos
666 1381 770 1438 terrae
798 1380 903 1439 motus
925 1373 958 1437 in
983 1373 1169 1456 Liguribus,
1205 1372 1321 1450 Gallia,

207 1459 485 1543 compluribusque
513 1458 624 1524 insulis
648 1465 779 1541 totaque
800 1459 896 1522 Italia
924 1460 1026 1522 factos
1048 1479 1135 1538 esse,
1167 1465 1200 1522 ut
1222 1459 1322 1521 multa

207 1545 326 1630 oppida
349 1545 533 1619 corruerint,
566 1543 673 1608 multis
694 1546 772 1609 locis
801 1545 892 1609 labes
914 1545 1019 1608 iactae
1040 1545 1120 1620 sint,
1153 1549 1322 1624 terraeque

205 1627 404 1705 desederint,
435 1628 628 1710 fluminaque
657 1630 688 1693 in
720 1629 895 1694 contrarias
922 1635 1031 1713 partes
1052 1629 1201 1694 duxerint
1223 1635 1322 1710 atquc

207 1734 318 1780 omnes
339 1733 427 1778 mare
449 1713 619 1782 influxerit.
663 1715 728 1780 Cio.
751 1716 793 1779 de
813 1715 876 1779 div.
898 1721 924 1794 1,
946 1717 996 1780 35.

291 1817 333 1880 46
348 1813 388 1899 Β)
417 1817 453 1882 C.
468 1815 658 1880 Flaminium
680 1815 806 1882 Coelius
828 1816 981 1899 religione
1003 1815 1150 1899 neglecta
1170 1816 1323 1882 cecidisse

208 1899 296 1984 apud
325 1901 545 1966 Trasimenum
574 1901 681 1966 scribit
711 1922 782 1968 cnm
811 1921 931 1984 magno
959 1900 1151 1985 reipublicae
1182 1903 1322 1967 vnlnere.

209 1987 274 2052 Cic.
298 1986 338 2050 de
360 1994 424 2050 nat
447 1986 534 2052 deor.
549 1988 590 2063 11,
604 1989 633 2068 3,
657 1989 685 2051 8.

277 2087 491 2156 Fragmentum,
521 2089 595 2158 quod
614 2090 707 2160 priore
730 2089 792 2141 loeo
814 2089 910 2158 posui,
938 2093 1028 2140 totuin
1053 2103 1105 2140 nec
1128 2087 1319 2138 tantummodo

241 2155 309 2208 inde
336 2173 353 2206 a
379 2157 471 2210 verbis
497 2173 649 2228 „magnum
671 2156 743 2208 illud
768 2157 853 2209 etiam
871 2159 949 2209 stef·
983 2155 1079 2210 Coelio
1104 2153 1318 2207 adscribendum

249 2239 318 2290 esse,
338 2230 366 2275 et
384 2225 473 2280 altero
490 2243 572 2296 quem
590 2225 679 2277 adieci
698 2223 842 2278 Ciceronis
860 2226 932 2290 loco,
950 2231 979 2279 et
995 2225 1136 2278 locutione
1154 2221 1250 2302 „quod
1269 2221 1316 2273 ad-

243 2292 315 2346 didit
332 2290 467 2347 Coelius·‘
484 2300 514 2348 et
533 2293 644 2347 omnino
659 2309 700 2358 ea,
717 2309 789 2362 qaae
800 2293 874 2347 inter
884 2294 954 2347 duas
965 2293 1028 2346 illas
1044 2293 1211 2346 narrationis
1224 2296 1318 2359 partes

244 2360 401 2429 intercedit,
419 2362 527 2416 ratione
545 2366 641 2431 aperte
660 2362 879 2430 demonstratum
898 2370 927 2416 st
945 2362 998 2417 lico
1016 2368 1125 2415 tantum
1141 2362 1319 2412 statuendum

244 2437 302 2496 est,
328 2431 445 2498 priorem
467 2431 525 2483 cius
550 2438 656 2500 partein
683 2432 720 2483 ab
743 2431 805 2483 aliis
832 2448 887 2499 qno
908 2448 944 2483 ue
969 2430 1112 2483 annalium
1137 2427 1319 2495 scriptoribus

242 2504 385 2550 narratam
403 2496 504 2565 fuisse,
523 2502 704 2568 posteriorem
722 2516 740 2551 a
758 2500 818 2553 solo
835 2450 946 2567 Codiio,
972 2502 1020 2569 qui
1039 2499 1151 2569 quidem
1169 2494 1318 2548 manifesto

208 2569 211 2582 '
244 2583 261 2618 a
279 2565 374 2617 Sileno
395 2582 456 2620 eam
474 2568 598 2637 accepit3
616 2584 681 2620 nam
696 2567 773 2633 apud
786 2567 924 2621 Zonaram
941 2583 1061 2638 qnoque,
1081 2564 1157 2632 VIII,
1171 2564 1213 2628 ⁴25,
1230 2574 1318 2617 terrae

248 2642 340 2686 motus
359 2634 410 2705 ilii,
426 2642 454 2687 et
470 2636 583 2715 quidem
602 2637 653 2689 soli
667 2636 781 2701 ¹omissis
800 2635 979 2707 prodigiis-
1001 2651 1073 2705 quae
1095 2652 1146 2703 per
1166 2650 1195 2685 se
1214 2632 1251 2685 ad
1267 2632 1318 2685 Ro·
1424 2673 1425 2676 ,

206 2731 209 2737 ‚
244 2718 341 2755 manos
359 2702 453 2769 potius
471 2713 619 2771 scriptores
637 2720 721 2775 quam
737 2704 773 2755 ad
786 2703 910 2757 Graecos
927 2704 1076 2758 referenda
1092 2712 1173 2755 erant
1194 2730 1230 2741 -
1247 2718 1318 2755 com·

244 2777 440 2823 memorantur.
458 2770 611 2825 Coelianae
624 2781 719 2825 autem
733 2772 900 2826 narrationis
913 2774 1027 2843 propria
1038 2772 1108 2825 baec
1121 2772 1176 2823 tria
1188 2770 1318 2823 fuerunt:

241 2846 274 2890 ut
292 2846 470 2892 sanarentur
501 2842 641 2909 prodigia,
665 2851 756 2893 terrae
783 2846 887 2904 motus,
918 2840 1051 2911 temporis
1079 2858 1134 2921 quo
1160 2847 1316 2907 pugnatum

242 2913 319 2959 esset
335 2908 465 2975 spatium.
499 2908 621 2971 Quorum
640 2909 754 2989 quidem
772 2910 879 2962 nulium
897 2916 976 2962 -et
995 2910 1029 2962 de
1048 2906 1187 2977 prioribus
1208 2904 1317 2961 duobus

244 2974 273 3027 id
296 2990 332 3027 ne
359 2978 578 3045 exspectandum
609 2977 721 3049 quidem
746 2987 806 3031 erat
833 3006 864 3017 -
892 2977 967 3047 apud
985 2977 1142 3047 ‘Polybium
1170 2974 1316 3039 invenitur,

244 3050 341 3095 contra
359 3045 451 3096 omnia
469 3046 524 3099 tria
541 3064 584 3117 ap.
602 3046 662 3099 Lir.
681 3045 777 3111 XXll,
795 3046 863 3098 3-6
881 3047 926 3110 (de
939 3052 1000 3098 toto
1021 3046 1084 3099 loco
1103 3044 1137 3097 cf.
1154 3043 1250 3109 Peter,
1266 3044 1285 3095 l.
1302 3042 1319 3095 l.

246 3128 293 3181 pg.
313 3111 440 3181 iii-33),
468 3112 541 3167 huno
563 3115 660 3183 igitur,
684 3115 734 3166 ubi
757 3114 816 3167 eius
840 3114 927 3167 rerba
944 3132 1001 3167 nori
1027 3114 1097 3166 adeo
1116 3128 1179 3165 euin
1197 3109 1318 3181 Polybio

241 3186 397 3247 congruant
414 3190 446 3233 ut
463 3191 538 3235 certo
555 3200 618 3236 eum
642 3189 756 3235 secutus
779 3198 840 3234 esse
861 3181 1004 3251 putandus
1030 3183 1081 3247 sit,
1104 3180 1229 3234 Coelium
1253 3186 1319 3232 ante

242 3248 338 3301 oeulos
357 3248 488 3302 habuisse
504 3257 630 3320 apparet.
669 3250 777 3302 Livium
799 3250 910 3303 demum
933 3250 1040 3303 fontem
1068 3250 1228 3301 habuerunt
1246 3247 1319 3300 Plut.

241 3315 310 3371 Fab.
332 3316 364 3383 33
390 3317 455 3370 item
475 3318 547 3371 Flor.
568 3319 603 3385 ΙΙ,
621 3320 650 3385 6ς
676 3317 793 3371 eundem
815 3335 848 3369 ex
869 3320 984 3373 ressisse
1004 3318 1115 3369 videtur
1135 3316 1184 3370 Sil.
1203 3316 1266 3369 Ital.
1284 3315 1318 3375 V,

242 3384 344 3454 blisqq.
359 3385 474 3457 oaasqq.
494 3387 622 3456 idemque
640 3387 788 3456 quominus
801 3337 896 3440 vader.
910 3387 982 3439 Max.
998 3384 1057 3448 1‚t.
1076 3385 1178 3439 fecisse
1197 3393 1318 3438 statuam

207 3481 211 3493 ·
245 3453 306 3506 sola
331 3453 469 3522 quaedam
497 3456 525 3507 iii
548 3470 663 3507 numero
687 3455 862 3523 captivorum
880 3454 1038 3509 differentia
1054 3470 1098 3506 me
1114 3454 1247 3523 impedit3
1272 3452 1319 3521 qui

243 3522 354 3590 qiiideoi
373 3537 435 3573 oum
454 3529 545 3576 terrae
563 3528 667 3575 motum
685 3539 740 3576 non
754 3524 985 3585 commemorarit,
1002 3522 1123 3575 tortasse
1136 3523 1319 3575 vetustiorem

239 3590 380 3657 quendam
403 3589 499 3645 Coelio
524 3592 666 3645 annalium
694 3594 875 3660 scriptorem,
902 3607 973 3661 quos
1003 3597 1077 3648 teste
1099 3591 1234 3644 Cicerone
1261 3587 1320 3641 sola

241 3658 370 3727 prodigia
389 3676 518 3715 narrasse
536 3661 667 3725 vidimus,
690 3660 798 3712 fontem
819 3660 925 3713 babuit.
960 3657 1035 3713 Plin.
1050 3658 1075 3710 ii
1093 3677 1119 3712 ii.
1138 3659 1180 3727 ll,
1200 3659 1242 3725 84,
1261 3659 1321 3711 ⁴:0st

243 3725 316 3778 unde
334 3742 427 3795 pauca
449 3726 513 3794 illa,
537 3746 608 3799 quae
633 3728 667 3781 de
690 3734 781 3781 terrae
808 3734 886 3780 motu
910 3728 1035 3795 scripsit,
1061 3727 1147 3780 rerba
1171 3727 1321 3795 sumpserit

243 3792 361 3845 discerni
379 3812 434 3847 non
451 3804 562 3867 potest3
581 3796 635 3850 alio
654 3798 729 3848 enim
748 3794 873 3849 eiusdem
892 3794 957 3847 libri
976 3796 1053 3862 ioco,
1071 3794 1113 3858 67,
1135 3796 1189 3863 169,
1207 3794 1320 3849 Coelius

241 3861 345 3914 discite
364 3863 496 3917 laudatur
519 3875 548 3919 et
566 3866 687 3919 fortasse
714 3864 751 3916 ob
770 3863 844 3916 huno
861 3864 1055 3917 tantummodo
1082 3863 1143 3917 eius
1167 3880 1269 3917 nomen
1290 3863 1319 3915 iii

241 3929 358 3986 elencho
374 3938 450 3985 auct.
468 3934 577 4001 legitur.

210 4076 215 4088 .
292 4016 346 4095 47)
382 4016 422 4081 ld
442 4038 514 4085 cum
538 4019 620 4083 inter
649 4036 759 4082 omncs
773 4023 915 4100 constet
946 4037 985 4084 eo
1004 4018 1110 4101 magis
1136 4015 1235 4084 miror
1252 4033 1321 4079 am-

206 4098 275 4182 lu’gi
293 4118 433 4181 quanam
451 4104 553 4187 Alpes
574 4102 734 4169 transierit
751 4137 794 4151 -·-
816 4109 872 4182 (sc.
893 4103 1067 4182 Hannibali
1084 4125 1145 4185 -η
1169 4101 1322 4183 strupo
