2867 4650
726 302 771 370 θ

200 487 313 536 murum
333 471 422 538 vocis
439 471 567 538 addidit
583 478 619 538 et
637 478 812 538 exornator
822 474 847 555 1)
873 485 1002 554 quoque
1019 488 1128 538 rerum
1153 471 1226 555 unt,-
1251 470 1315 538 soi·
1430 500 1431 557 p

195 554 269 622 licet
288 556 364 645 quia
376 557 526 640 cognovit
545 559 698 624 sermonis
723 557 1005 641 descriptionisque
1026 557 1229 639 elegantiam,
1258 575 1314 622 vc-
1430 564 1431 631 ξ

192 640 375 721 'nnstatcm
410 643 596 726 dignitatem
617 644 661 709 ad
686 663 791 708 rerum
813 649 1013 708 namtarum
1034 641 1200 707 veritatem
1223 662 1314 707 acce-
1430 680 1431 685 κ

197 725 272 792 dere
294 723 409 794 dehere
427 736 458 792 et
470 731 563 809 quasi
577 729 711 794 alterum
730 747 800 795 esse
821 729 972 794 historiae
994 728 1202 813 elementum;
1225 727 1314 810 quod

196 817 455 964 praetercctercs
469 813 551 880 hene
570 815 721 898 cognovit
736 813 854 890 Cicero,
878 833 1019 879 summus
1041 813 1095 878 ille
1119 813 1257 896 linguae,
1279 821 1316 878 ut

220 917 258 962 ac
273 897 412 980 imagine
436 906 515 978 utar,
538 901 627 968 faber
648 909 744 982 atque
767 899 890 978 artifex,
913 900 967 982 qui
990 919 1068 965 sane
1087 898 1119 964 in
1137 898 1313 966 contrarias

196 983 354 1050 veteribus
383 983 444 1050 illis
468 984 631 1051 annalium
653 986 855 1070 scriptoribus
875 993 982 1070 partes
1008 985 1139 1050 modum
1166 983 1313 1086 excessit²

195 1066 240 1134 ita
262 1073 296 1132 ut
317 1069 385 1134 sola
406 1069 472 1136 fere
493 1072 644 1137 orationis
666 1071 827 1154 elegantia
840 1071 1021 1137 historicam
1036 1079 1140 1135 artem
1159 1070 1313 1136 contineri

195 1158 323 1236 putaret
344 1155 396 1230 (cf.
421 1155 461 1220 de
481 1153 544 1240 leg.
566 1161 598 1230 1,
617 1159 647 1224 2.
673 1157 713 1222 de
735 1177 779 1222 or.
801 1161 852 1236 II,
873 1157 901 1226 9.
924 1158 964 1222 de
986 1162 1051 1220 toto
1074 1156 1144 1221 loco
1168 1155 1314 1238 egregrie

195 1237 368 1326 disputavit
390 1241 496 1321 Ulrici,
519 1241 612 1312 Char.
635 1242 665 1310 d.
688 1249 751 1311 ant.
764 1242 843 1308 Hist.
863 1261 918 1327 pg.
941 1242 1003 1306 110
1025 1239 1096 1325 sq),
1117 1240 1152 1306 id
1172 1241 1258 1324 quod
1278 1240 1313 1307 in

194 1328 266 1414 ipsa
288 1329 522 1412 quodammodo
536 1331 702 1395 Romanae
716 1328 831 1393 mentis
853 1327 960 1392 indole
980 1326 1075 1392 situm
1089 1335 1166 1394 erat
1191 1326 1313 1392 Deinde

196 1419 302 1480 autem
325 1413 405 1481 haec
428 1415 526 1481 Ooelii
551 1415 631 1480 ratio
655 1435 719 1479 non
746 1414 848 1479 solum
879 1413 1001 1478 formae
1028 1432 1218 1496 progressus
1243 1411 1312 1492 fuit,
1431 1420 1432 1437 ³

196 1499 254 1564 scd
275 1501 442 1566 transitum
462 1501 557 1566 etiam
579 1501 656 1566 facit
677 1519 698 1564 a
719 1499 854 1584 simplici
875 1517 981 1565 rerum
1003 1503 1164 1581 gestarum
1184 1517 1312 1564 enarra·
1431 1492 1432 1551 Ὗ

196 1585 298 1662 tione,
326 1585 428 1667 qqalis
451 1593 545 1651 antea
567 1585 634 1651 fere
654 1585 753 1652 solius
774 1591 952 1670 temporum
974 1583 1093 1648 ordinis
1109 1585 1232 1650 ratione
1254 1584 1315 1648 ba·

199 1669 265 1737 bita
286 1670 508 1755 institueretur,
531 1691 626 1754 quarn
647 1691 734 1736 mere
755 1669 942 1734 obiectivam
962 1669 1119 1747 vocarim,
1146 1671 1189 1735 ad
1210 1669 1314 1736 suhie-
1431 1668 1432 1675 '

195 1755 312 1822 stivam
324 1756 474 1822 historiae
496 1755 681 1822 scribendae
695 1756 859 1834 rationem,
883 1773 946 1837 qua
967 1774 1030 1819 uno
1051 1755 1143 1836 quasi
1156 1776 1244 1822 nexu
1265 1762 1314 1820 at-

197 1860 259 1924 que
286 1842 502 1926 implicatione
524 1843 774 1928 comprehensae
802 1860 853 1908 res
882 1840 1149 1922 describerentur,
1182 1841 1313 1924 qualern

193 1925 344 1994 historiam
366 1928 442 1994 artis
462 1934 635 2014 praecepta
656 1927 825 2012 requirunt.
838 1965 877 1973 -
895 1927 994 1992 Porro
1007 1925 1132 1993 Coelius
1153 1927 1217 1992 iam
1238 1946 1313 1993 sen·

193 2011 234 2080 sit
255 2013 401 2079 vitiosam
424 2034 493 2080 essc
514 2017 683 2082 verborum
706 2011 941 2092 traiectionem,
964 2029 1026 2095 quo
1048 2012 1160 2078 melius
1182 2018 1238 2078 aut
1258 2032 1311 2078 ca-

198 2097 287 2164 deret
308 2107 364 2166 aut
384 2099 565 2166 volveretur
587 2101 699 2179 oratic,
718 2099 911 2181 institutam3
935 2117 1032 2180 quarn
1056 2095 1084 2162 si
1094 2118 1223 2182 prorsus
1242 2097 1312 2180 qui-

194 2182 267 2250 dem
288 2185 390 2251 vitare
411 2206 475 2252 non
520 2186 608 2265 otuit,
628 2185 655 2250 si
677 2185 764 2251 rudis
787 2182 951 2248 etiamtum
973 2181 1315 2265 fuitviresquebabuit

194 2278 353 2353 agrestres
375 2277 471 2356 atque
493 2207 638 2338 dorridas
659 2272 728 2337 sine
747 2270 849 2336 nitore
875 2287 914 2335 ac
934 2267 1112 2352 palaestra,
1147 2269 1175 2335 si
1197 2289 1313 2357 parum

192 2356 355 2422 etiamtum
379 2358 554 2423 orationem
583 2357 738 2424 varietate
769 2356 1001 2437 verborumque
1030 2354 1236 2421 collocatione
1265 2354 1313 2419 di-

193 2441 354 2523 stinguere
376 2449 407 2508 et
420 2448 521 2509 tractu
538 2442 688 2508 orationis
710 2442 775 2507 leni
792 2448 888 2522 atque
909 2439 1068 2521 aequabili
1081 2478 1122 2487 —
1139 2442 1224 2523 quod
1244 2441 1313 2525 qui-

194 2525 267 2592 dem
286 2527 425 2593 maxime
447 2529 597 2594 orationis
620 2548 720 2611 genus
743 2535 778 2594 ut
798 2527 841 2592 ad
854 2525 1018 2592 historiam
1035 2525 1234 2591 scribendam
1254 2522 1313 2591 ad-

193 2612 353 2677 hiberetur
373 2615 545 2699 postulavit
568 2614 629 2679 Cic.
653 2614 694 2679 de
716 2634 760 2689 or,
782 2613 823 2692 ll,
846 2613 894 2676 15.
917 2630 961 2677 cr.
983 2613 1033 2676 20.
1054 2648 1098 2659 -—
1119 2626 1200 2696 opus
1219 2629 1312 2677 suum

219 2698 355 2781 erpclire
376 2700 479 2783 potuit
502 2708 533 2765 et
556 2700 713 2766 Graecam
735 2705 836 2763 artem
858 2697 954 2761 etlam
975 2712 1089 2780 parum
1110 2696 1224 2763 doctus
1243 2697 1313 2776 fuit,

194 2719 331 2865 denique
353 2785 380 2851 si
399 2804 463 2850 non
486 2786 602 2864 statim,
627 2804 711 2867 quae
730 2781 790 2850 sihi
802 2781 984 2867 appetenda
994 2800 1065 2846 esse
1082 2782 1212 2861 videret,
1235 2802 1312 2848 con·

194 2876 319 2934 secutus
342 2878 405 2937 est:
437 2878 544 2937 tamen
566 2870 609 2936 ad
630 2888 791 2935 summum
818 2866 1020 2952 perfectionis
1041 2867 1205 2951 fastigium
1225 2868 1313 2933 hand

217 2955 331 3041 aulum
346 2956 480 3041 profecit
501 2956 674 3039 eisquequi
694 2962 810 3043 posteo
830 2972 881 3019 res
903 2959 1012 3037 gestas
1032 2952 1205 3018 scriberent
1224 2952 1313 3019 luou-

192 2976 312 3105 dentum
345 3043 525 3125 quoddam,
560 3043 647 3124 quod
682 3042 882 3106 imitarentur
917 3046 1014 3122 atque
1054 3037 1140 3103 unde
1178 3039 1314 3123 profecti

194 3123 317 3192 maiora
339 3135 513 3209 tentarent,
550 3146 642 3193 exem
666 3128 732 3193 lum
758 3124 930 3211 proposuit,
975 3122 1070 3200 Quod
1091 3122 1219 3205 quidem
1247 3142 1312 3206 quo

194 3210 298 3277 minus
320 3212 439 3280 factum
461 3221 510 3280 cst
529 3221 611 3281 teste
659 3214 694 3279 'c
718 3214 759 3278 de
779 3213 841 3295 leg.
853 3210 879 3288 l,
896 3211 926 3288 2,
951 3227 989 3273 eo
1009 3207 1080 3291 ipse
1101 3209 1200 3294 pluris
1220 3209 1314 3275 nobis

194 3298 411 3367 aestimandus
432 3300 557 3366 videtur
578 3318 656 3366 esse.

277 3384 438 3452 Ciceronis
459 3386 519 3452 hoc
538 3387 579 3452 dc
602 3382 709 3451 Coelio
731 3378 882 3448 iudicium
910 3377 985 3460 quin
1013 3375 1231 3463 accipiendum
1253 3398 1311 3444 no‹

194 3468 242 3535 his
263 3469 318 3554 sit,
342 3489 454 3548 nemo,
485 3472 611 3556 opinor,
642 3468 812 3552 dubitabit,
849 3471 946 3545 atque
962 3463 1040 3548 ipsis
1061 3463 1248 3545 fragmentis
1268 3496 1313 3517 u-

193 3561 347 3639 quantum
370 3557 497 3641 quidem
519 3578 560 3623 ex
580 3556 645 3643 his,
676 3559 835 3638 quaeunt
860 3549 1052 3634 exiguitate,
1082 3548 1190 3633 colligi
1206 3555 1314 3633 potest

267 3762 286 3829 ¹)
304 3760 369 3816 Non
386 3767 461 3817 recte
479 3760 645 3830 Bernhardy
662 3758 716 3813 loci
739 3755 903 3811 sententiam
932 3758 1074 3808 assecutus
1097 3757 1139 3806 est
1156 3766 1219 3832 curn
1240 3752 1313 3806 haec

196 3829 306 3897 diceret,
324 3831 444 3884 Grundn
456 3834 482 3886 d.
495 3834 562 3885 rdm.
572 3828 650 3896 Lite,
667 3828 708 3881 ed.
721 3827 771 3882 tv.
789 3842 835 3896 pg.
852 3823 917 3877 diti:
936 3821 1041 3889 Cicero,
1054 3822 1134 3890 ,dem
1143 3820 1313 3875 semesam

194 3898 321 3953 htchlieh
341 3898 468 3953 missfiel“
489 3932 517 3941 -
536 3897 672 3965 (similiter
691 3912 742 3949 nee
758 3900 852 3947 tamen
872 3906 915 3945 me
941 3891 1051 3972 isnrecte
1063 3862 1198 3969 iliehulnr,
1215 3888 1311 3943 Vortr.

194 3968 241 4022 iib.
259 3969 325 4021 rdm.
348 3967 448 4021 Gesch.
467 3968 521 4036 ll.,
537 3984 583 4047 pg.
601 3967 646 4029 62)
672 3994 705 4005 -
733 3964 783 4017 hat
801 3961 875 4043 yrohl
890 3909 993 4032 riding
1006 3958 1176 4043 'geurtherltp
1200 3958 1314 4037 dasscr

196 4042 289 4090 nucrst
304 4035 384 4089 einen
403 4036 456 4091 Stil
473 4036 503 4089 in
521 4036 566 4088 dte
583 4031 826 4103 Historiographre
843 4029 986 4102 gebracht,
1004 4029 1096 4082 tndem
1114 4044 1145 4081 er
1161 4026 1312 4081 ausscrhch

195 4104 365 4159 rhetorische
380 4104 490 4158 Farben
508 4102 743 4227 mffiff'gut
759 4116 853 4171 genug
870 4096 917 4154 fuir
941 4097 1020 4153 einen
1043 4100 1191 4151 exornator
1212 4108 1312 4178 rerum,

195 4189 231 4231 uu
248 4173 339 4250 wenig
356 4171 403 4229 fur
420 4170 547 4231 cincn'K
671 4171 679 4201 ‘
